{"interval":"ONE_MIN","instrumentName":"BTC_USDT","data":[{"first":{"ticks":null,"t":1623661560000,"o":39052.25,"c":39084.08,"h":39085.52,"l":39044.91,"v":1.692777},"second":{"ticks":[{"d":"1537625761646860608","p":39084.08,"q":0.000004,"s":"BUY","t":1623661560000,"i":"BTC_USDT"},{"d":"1537625712831115008","p":39085.52,"q":0.000001,"s":"SELL","t":1623661560000,"i":"BTC_USDT"},{"d":"1537625694500083840","p":39085.52,"q":0.000005,"s":"BUY","t":1623661560000,"i":"BTC_USDT"},{"d":"1537625694499976544","p":39085.38,"q":0.000003,"s":"BUY","t":1623661560000,"i":"BTC_USDT"},{"d":"1537625646976621120","p":39077.02,"q":0.030215,"s":"BUY","t":1623661560000,"i":"BTC_USDT"},{"d":"1537625627499125408","p":39085.38,"q":0.000004,"s":"SELL","t":1623661560000,"i":"BTC_USDT"},{"d":"1537625526784693536","p":39085.25,"q":0.000007,"s":"BUY","t":1623661560000,"i":"BTC_USDT"},{"d":"1537625493259181312","p":39085.08,"q":0.000005,"s":"BUY","t":1623661560000,"i":"BTC_USDT"},{"d":"1537625442895040096","p":39076.03,"q":0.050574,"s":"BUY","t":1623661560000,"i":"BTC_USDT"},{"d":"1537625392692724224","p":39082.29,"q":0.000003,"s":"BUY","t":1623661560000,"i":"BTC_USDT"},{"d":"1537625359019473664","p":39082.28,"q":0.000008,"s":"BUY","t":1623661560000,"i":"BTC_USDT"},{"d":"1537625291953765248","p":39082.06,"q":0.000006,"s":"BUY","t":1623661560000,"i":"BTC_USDT"},{"d":"1537625191273693536","p":39072.06,"q":0.000006,"s":"BUY","t":1623661560000,"i":"BTC_USDT"},{"d":"1537625124169030752","p":39082.28,"q":0.000002,"s":"BUY","t":1623661560000,"i":"BTC_USDT"},{"d":"1537625057057240960","p":39077.32,"q":0.000004,"s":"BUY","t":1623661560000,"i":"BTC_USDT"},{"d":"1537625023609458272","p":39077.32,"q":0.000007,"s":"BUY","t":1623661560000,"i":"BTC_USDT"},{"d":"1537624978921148064","p":39070.90,"q":0.000026,"s":"SELL","t":1623661560000,"i":"BTC_USDT"},{"d":"1537624956349067936","p":39081.32,"q":0.000001,"s":"BUY","t":1623661560000,"i":"BTC_USDT"},{"d":"1537624942652670176","p":39078.72,"q":0.000026,"s":"BUY","t":1623661560000,"i":"BTC_USDT"},{"d":"1537624930569094816","p":39065.21,"q":0.000315,"s":"BUY","t":1623661560000,"i":"BTC_USDT"},{"d":"1537624921999201952","p":39065.39,"q":0.000435,"s":"SELL","t":1623661560000,"i":"BTC_USDT"},{"d":"1537624919868422656","p":39065.39,"q":0.000436,"s":"SELL","t":1623661560000,"i":"BTC_USDT"},{"d":"1537624909605246336","p":39065.21,"q":0.000461,"s":"SELL","t":1623661560000,"i":"BTC_USDT"},{"d":"1537624887587888320","p":39064.58,"q":0.000258,"s":"SELL","t":1623661560000,"i":"BTC_USDT"},{"d":"1537624885128447424","p":39064.57,"q":0.000202,"s":"SELL","t":1623661560000,"i":"BTC_USDT"},{"d":"1537624884063205600","p":39064.57,"q":0.000201,"s":"SELL","t":1623661560000,"i":"BTC_USDT"},{"d":"1537624858345300640","p":39068.82,"q":0.153493,"s":"BUY","t":1623661560000,"i":"BTC_USDT"},{"d":"1537624855738609280","p":39068.82,"q":0.000005,"s":"BUY","t":1623661560000,"i":"BTC_USDT"},{"d":"1537624854405709696","p":39064.13,"q":0.134448,"s":"BUY","t":1623661560000,"i":"BTC_USDT"},{"d":"1537624854336505824","p":39064.13,"q":0.268896,"s":"BUY","t":1623661560000,"i":"BTC_USDT"},{"d":"1537624852573949088","p":39064.13,"q":0.094663,"s":"BUY","t":1623661560000,"i":"BTC_USDT"},{"d":"1537624851638544352","p":39064.13,"q":0.058845,"s":"BUY","t":1623661560000,"i":"BTC_USDT"},{"d":"1537624849007868736","p":39064.13,"q":0.300000,"s":"BUY","t":1623661560000,"i":"BTC_USDT"},{"d":"1537624788596654368","p":39064.13,"q":0.000008,"s":"BUY","t":1623661560000,"i":"BTC_USDT"},{"d":"1537624750543498880","p":39061.93,"q":0.009160,"s":"SELL","t":1623661560000,"i":"BTC_USDT"},{"d":"1537624743908379456","p":39053.17,"q":0.000184,"s":"SELL","t":1623661560000,"i":"BTC_USDT"},{"d":"1537624742163965920","p":39053.17,"q":0.000184,"s":"SELL","t":1623661560000,"i":"BTC_USDT"},{"d":"1537624741298001536","p":39053.17,"q":0.000183,"s":"SELL","t":1623661560000,"i":"BTC_USDT"},{"d":"1537624737547133472","p":39051.49,"q":0.000263,"s":"SELL","t":1623661560000,"i":"BTC_USDT"},{"d":"1537624735190616512","p":39051.49,"q":0.000635,"s":"SELL","t":1623661560000,"i":"BTC_USDT"},{"d":"1537624728348975296","p":39051.49,"q":0.000547,"s":"SELL","t":1623661560000,"i":"BTC_USDT"},{"d":"1537624727941484960","p":39051.49,"q":0.000794,"s":"SELL","t":1623661560000,"i":"BTC_USDT"},{"d":"1537624726413482208","p":39051.49,"q":0.000793,"s":"SELL","t":1623661560000,"i":"BTC_USDT"},{"d":"1537624725825086560","p":39051.49,"q":0.000819,"s":"SELL","t":1623661560000,"i":"BTC_USDT"},{"d":"1537624725718995360","p":39051.49,"q":0.000819,"s":"SELL","t":1623661560000,"i":"BTC_USDT"},{"d":"1537624725538291136","p":39051.49,"q":0.000274,"s":"SELL","t":1623661560000,"i":"BTC_USDT"},{"d":"1537624723815147168","p":39051.49,"q":0.000818,"s":"SELL","t":1623661560000,"i":"BTC_USDT"},{"d":"1537624721520428064","p":39064.13,"q":0.000006,"s":"BUY","t":1623661560000,"i":"BTC_USDT"},{"d":"1537624687923527968","p":39054.82,"q":0.000006,"s":"BUY","t":1623661560000,"i":"BTC_USDT"},{"d":"1537624668186459520","p":39054.82,"q":0.262551,"s":"BUY","t":1623661560000,"i":"BTC_USDT"}],"t":1623661560000,"o":39054.82,"c":39084.08,"h":39085.52,"l":39051.49,"v":1.371609}},{"first":{"ticks":null,"t":1623661620000,"o":39083.74,"c":39089.86,"h":39114.8,"l":39077.91,"v":0.331888},"second":{"ticks":[{"d":"1537627774937250112","p":39089.86,"q":0.000006,"s":"SELL","t":1623661620000,"i":"BTC_USDT"},{"d":"1537627707804985312","p":39086.65,"q":0.000004,"s":"SELL","t":1623661620000,"i":"BTC_USDT"},{"d":"1537627607225316480","p":39091.89,"q":0.000006,"s":"SELL","t":1623661620000,"i":"BTC_USDT"},{"d":"1537627540030164608","p":39091.90,"q":0.000007,"s":"SELL","t":1623661620000,"i":"BTC_USDT"},{"d":"1537627497459063776","p":39091.89,"q":0.000008,"s":"SELL","t":1623661620000,"i":"BTC_USDT"},{"d":"1537627472973956160","p":39089.49,"q":0.000003,"s":"SELL","t":1623661620000,"i":"BTC_USDT"},{"d":"1537627439369035168","p":39095.04,"q":0.000003,"s":"SELL","t":1623661620000,"i":"BTC_USDT"},{"d":"1537627338822809632","p":39089.47,"q":0.000006,"s":"SELL","t":1623661620000,"i":"BTC_USDT"},{"d":"1537627305174124544","p":39089.47,"q":0.000008,"s":"SELL","t":1623661620000,"i":"BTC_USDT"},{"d":"1537627212112174240","p":39089.68,"q":0.019732,"s":"BUY","t":1623661620000,"i":"BTC_USDT"},{"d":"1537627208653604512","p":39090.47,"q":0.251002,"s":"BUY","t":1623661620000,"i":"BTC_USDT"},{"d":"1537627204575752128","p":39089.47,"q":0.000008,"s":"SELL","t":1623661620000,"i":"BTC_USDT"},{"d":"1537627139453744960","p":39086.19,"q":0.000003,"s":"BUY","t":1623661620000,"i":"BTC_USDT"},{"d":"1537627120367571008","p":39089.55,"q":0.005097,"s":"BUY","t":1623661620000,"i":"BTC_USDT"},{"d":"1537627103872426464","p":39088.37,"q":0.000004,"s":"SELL","t":1623661620000,"i":"BTC_USDT"},{"d":"1537627036741842752","p":39088.37,"q":0.000006,"s":"SELL","t":1623661620000,"i":"BTC_USDT"},{"d":"1537626969699376768","p":39086.29,"q":0.000005,"s":"SELL","t":1623661620000,"i":"BTC_USDT"},{"d":"1537626969699279840","p":39086.41,"q":0.000003,"s":"SELL","t":1623661620000,"i":"BTC_USDT"},{"d":"1537626940323643104","p":39090.20,"q":0.005097,"s":"BUY","t":1623661620000,"i":"BTC_USDT"},{"d":"1537626868969193632","p":39098.02,"q":0.000006,"s":"SELL","t":1623661620000,"i":"BTC_USDT"},{"d":"1537626835347996736","p":39091.03,"q":0.000003,"s":"SELL","t":1623661620000,"i":"BTC_USDT"},{"d":"1537626835347872224","p":39094.17,"q":0.000001,"s":"SELL","t":1623661620000,"i":"BTC_USDT"},{"d":"1537626734753070880","p":39114.80,"q":0.000004,"s":"SELL","t":1623661620000,"i":"BTC_USDT"},{"d":"1537626701179766848","p":39110.78,"q":0.000009,"s":"SELL","t":1623661620000,"i":"BTC_USDT"},{"d":"1537626651424608768","p":39109.35,"q":0.000013,"s":"BUY","t":1623661620000,"i":"BTC_USDT"},{"d":"1537626607738540032","p":39103.18,"q":0.000133,"s":"SELL","t":1623661620000,"i":"BTC_USDT"},{"d":"1537626606353741312","p":39103.17,"q":0.000241,"s":"SELL","t":1623661620000,"i":"BTC_USDT"},{"d":"1537626604316445408","p":39103.17,"q":0.000240,"s":"SELL","t":1623661620000,"i":"BTC_USDT"},{"d":"1537626600506640064","p":39103.16,"q":0.000010,"s":"SELL","t":1623661620000,"i":"BTC_USDT"},{"d":"1537626567003228288","p":39098.84,"q":0.000005,"s":"SELL","t":1623661620000,"i":"BTC_USDT"},{"d":"1537626564862748256","p":39104.28,"q":0.000461,"s":"BUY","t":1623661620000,"i":"BTC_USDT"},{"d":"1537626543828690528","p":39095.12,"q":0.000182,"s":"SELL","t":1623661620000,"i":"BTC_USDT"},{"d":"1537626533535875264","p":39095.10,"q":0.000461,"s":"SELL","t":1623661620000,"i":"BTC_USDT"},{"d":"1537626526793268768","p":39095.10,"q":0.008434,"s":"BUY","t":1623661620000,"i":"BTC_USDT"},{"d":"1537626466389339520","p":39092.52,"q":0.000006,"s":"SELL","t":1623661620000,"i":"BTC_USDT"},{"d":"1537626465859907360","p":39092.52,"q":0.000779,"s":"SELL","t":1623661620000,"i":"BTC_USDT"},{"d":"1537626465630406048","p":39092.52,"q":0.001009,"s":"SELL","t":1623661620000,"i":"BTC_USDT"},{"d":"1537626465272110944","p":39092.52,"q":0.000780,"s":"SELL","t":1623661620000,"i":"BTC_USDT"},{"d":"1537626465036111616","p":39092.52,"q":0.000547,"s":"SELL","t":1623661620000,"i":"BTC_USDT"},{"d":"1537626462345393728","p":39092.52,"q":0.000460,"s":"SELL","t":1623661620000,"i":"BTC_USDT"},{"d":"1537626461531114336","p":39092.52,"q":0.001642,"s":"SELL","t":1623661620000,"i":"BTC_USDT"},{"d":"1537626455446807360","p":39092.52,"q":0.000635,"s":"SELL","t":1623661620000,"i":"BTC_USDT"},{"d":"1537626454598522720","p":39092.52,"q":0.000635,"s":"SELL","t":1623661620000,"i":"BTC_USDT"},{"d":"1537626451273531136","p":39092.52,"q":0.000203,"s":"SELL","t":1623661620000,"i":"BTC_USDT"},{"d":"1537626451273497344","p":39092.52,"q":0.000637,"s":"SELL","t":1623661620000,"i":"BTC_USDT"},{"d":"1537626449593991648","p":39092.47,"q":0.001009,"s":"SELL","t":1623661620000,"i":"BTC_USDT"},{"d":"1537626448809947808","p":39092.47,"q":0.001551,"s":"SELL","t":1623661620000,"i":"BTC_USDT"},{"d":"1537626447811461216","p":39092.47,"q":0.000684,"s":"SELL","t":1623661620000,"i":"BTC_USDT"},{"d":"1537626446591655904","p":39092.46,"q":0.000153,"s":"SELL","t":1623661620000,"i":"BTC_USDT"},{"d":"1537626445188062144","p":39092.46,"q":0.000175,"s":"SELL","t":1623661620000,"i":"BTC_USDT"},{"d":"1537626443732157760","p":39092.52,"q":0.000567,"s":"BUY","t":1623661620000,"i":"BTC_USDT"},{"d":"1537626443732122912","p":39092.52,"q":0.000637,"s":"BUY","t":1623661620000,"i":"BTC_USDT"},{"d":"1537626441559169920","p":39092.45,"q":0.000196,"s":"SELL","t":1623661620000,"i":"BTC_USDT"},{"d":"1537626434677267584","p":39092.52,"q":0.000635,"s":"SELL","t":1623661620000,"i":"BTC_USDT"},{"d":"1537626433691660064","p":39092.52,"q":0.000635,"s":"SELL","t":1623661620000,"i":"BTC_USDT"},{"d":"1537626432837170944","p":39092.52,"q":0.000007,"s":"SELL","t":1623661620000,"i":"BTC_USDT"},{"d":"1537626430221844032","p":39092.52,"q":0.001646,"s":"SELL","t":1623661620000,"i":"BTC_USDT"},{"d":"1537626428538417920","p":39092.52,"q":0.001009,"s":"SELL","t":1623661620000,"i":"BTC_USDT"},{"d":"1537626427753051456","p":39092.52,"q":0.000460,"s":"SELL","t":1623661620000,"i":"BTC_USDT"},{"d":"1537626426838319424","p":39092.52,"q":0.000635,"s":"SELL","t":1623661620000,"i":"BTC_USDT"},{"d":"1537626421001562048","p":39092.52,"q":0.000479,"s":"SELL","t":1623661620000,"i":"BTC_USDT"},{"d":"1537626418600876864","p":39092.51,"q":0.000529,"s":"SELL","t":1623661620000,"i":"BTC_USDT"},{"d":"1537626417497058304","p":39092.51,"q":0.000528,"s":"SELL","t":1623661620000,"i":"BTC_USDT"},{"d":"1537626410644714976","p":39092.50,"q":0.000635,"s":"SELL","t":1623661620000,"i":"BTC_USDT"},{"d":"1537626409742811360","p":39092.50,"q":0.000701,"s":"SELL","t":1623661620000,"i":"BTC_USDT"},{"d":"1537626409473151136","p":39092.50,"q":0.000699,"s":"SELL","t":1623661620000,"i":"BTC_USDT"},{"d":"1537626407948021888","p":39092.49,"q":0.000690,"s":"SELL","t":1623661620000,"i":"BTC_USDT"},{"d":"1537626407901411168","p":39092.49,"q":0.000279,"s":"SELL","t":1623661620000,"i":"BTC_USDT"},{"d":"1537626407016578624","p":39092.49,"q":0.000278,"s":"SELL","t":1623661620000,"i":"BTC_USDT"},{"d":"1537626337741539424","p":39091.52,"q":0.000153,"s":"SELL","t":1623661620000,"i":"BTC_USDT"},{"d":"1537626334550953888","p":39091.51,"q":0.000461,"s":"SELL","t":1623661620000,"i":"BTC_USDT"},{"d":"1537626332107089824","p":39091.50,"q":0.000008,"s":"SELL","t":1623661620000,"i":"BTC_USDT"},{"d":"1537626320674633632","p":39104.28,"q":0.000009,"s":"SELL","t":1623661620000,"i":"BTC_USDT"},{"d":"1537626289506337632","p":39098.11,"q":0.000080,"s":"SELL","t":1623661620000,"i":"BTC_USDT"},{"d":"1537626265036137824","p":39087.80,"q":0.000007,"s":"SELL","t":1623661620000,"i":"BTC_USDT"},{"d":"1537626263690516288","p":39096.39,"q":0.000051,"s":"BUY","t":1623661620000,"i":"BTC_USDT"},{"d":"1537626258313748544","p":39087.78,"q":0.000074,"s":"SELL","t":1623661620000,"i":"BTC_USDT"},{"d":"1537626257372871712","p":39096.39,"q":0.000074,"s":"SELL","t":1623661620000,"i":"BTC_USDT"},{"d":"1537626254809459776","p":39096.39,"q":0.000460,"s":"SELL","t":1623661620000,"i":"BTC_USDT"},{"d":"1537626252614972800","p":39087.77,"q":0.000461,"s":"SELL","t":1623661620000,"i":"BTC_USDT"},{"d":"1537626242632089536","p":39087.74,"q":0.000461,"s":"SELL","t":1623661620000,"i":"BTC_USDT"},{"d":"1537626232529956128","p":39086.34,"q":0.000461,"s":"SELL","t":1623661620000,"i":"BTC_USDT"},{"d":"1537626231473476800","p":39086.34,"q":0.000002,"s":"SELL","t":1623661620000,"i":"BTC_USDT"},{"d":"1537626227154747328","p":39086.34,"q":0.000460,"s":"SELL","t":1623661620000,"i":"BTC_USDT"},{"d":"1537626223680619840","p":39086.34,"q":0.000438,"s":"SELL","t":1623661620000,"i":"BTC_USDT"},{"d":"1537626222201651040","p":39086.34,"q":0.000461,"s":"SELL","t":1623661620000,"i":"BTC_USDT"},{"d":"1537626204637071552","p":39086.32,"q":0.000461,"s":"SELL","t":1623661620000,"i":"BTC_USDT"},{"d":"1537626194333268352","p":39086.33,"q":0.000461,"s":"SELL","t":1623661620000,"i":"BTC_USDT"},{"d":"1537626183795823520","p":39085.93,"q":0.000461,"s":"SELL","t":1623661620000,"i":"BTC_USDT"},{"d":"1537626173748862784","p":39085.93,"q":0.000461,"s":"BUY","t":1623661620000,"i":"BTC_USDT"},{"d":"1537626162866897984","p":39085.84,"q":0.000461,"s":"SELL","t":1623661620000,"i":"BTC_USDT"},{"d":"1537626152685295104","p":39085.84,"q":0.000461,"s":"SELL","t":1623661620000,"i":"BTC_USDT"},{"d":"1537626144159496928","p":39085.84,"q":0.000089,"s":"SELL","t":1623661620000,"i":"BTC_USDT"},{"d":"1537626142962649952","p":39085.84,"q":0.000089,"s":"SELL","t":1623661620000,"i":"BTC_USDT"},{"d":"1537626142778080096","p":39085.92,"q":0.000003,"s":"BUY","t":1623661620000,"i":"BTC_USDT"},{"d":"1537626097282623616","p":39085.83,"q":0.000005,"s":"BUY","t":1623661620000,"i":"BTC_USDT"},{"d":"1537626052612126112","p":39077.91,"q":0.011444,"s":"BUY","t":1623661620000,"i":"BTC_USDT"},{"d":"1537626030070279456","p":39085.75,"q":0.000004,"s":"BUY","t":1623661620000,"i":"BTC_USDT"},{"d":"1537625962982697440","p":39085.68,"q":0.000001,"s":"BUY","t":1623661620000,"i":"BTC_USDT"},{"d":"1537625962982573728","p":39085.61,"q":0.000003,"s":"BUY","t":1623661620000,"i":"BTC_USDT"},{"d":"1537625862360457088","p":39083.74,"q":0.000001,"s":"BUY","t":1623661620000,"i":"BTC_USDT"},{"d":"1537625828780487584","p":39083.74,"q":0.000001,"s":"BUY","t":1623661620000,"i":"BTC_USDT"}],"t":1623661620000,"o":39083.74,"c":39089.86,"h":39114.80,"l":39077.91,"v":0.331888}},{"first":{"ticks":null,"t":1623661680000,"o":39086.5,"c":39121.12,"h":39121.12,"l":39076.51,"v":0.846118},"second":{"ticks":[{"d":"1537629821782383360","p":39121.12,"q":0.000007,"s":"SELL","t":1623661680000,"i":"BTC_USDT"},{"d":"1537629788259792480","p":39119.52,"q":0.000005,"s":"SELL","t":1623661680000,"i":"BTC_USDT"},{"d":"1537629764703905536","p":39117.20,"q":0.000122,"s":"SELL","t":1623661680000,"i":"BTC_USDT"},{"d":"1537629763598081376","p":39117.20,"q":0.000122,"s":"SELL","t":1623661680000,"i":"BTC_USDT"},{"d":"1537629762309807552","p":39117.20,"q":0.000306,"s":"SELL","t":1623661680000,"i":"BTC_USDT"},{"d":"1537629762309755552","p":39117.20,"q":0.000305,"s":"SELL","t":1623661680000,"i":"BTC_USDT"},{"d":"1537629761204849376","p":39117.20,"q":0.000305,"s":"SELL","t":1623661680000,"i":"BTC_USDT"},{"d":"1537629754312384544","p":39117.20,"q":0.000547,"s":"SELL","t":1623661680000,"i":"BTC_USDT"},{"d":"1537629753796349632","p":39117.20,"q":0.000256,"s":"SELL","t":1623661680000,"i":"BTC_USDT"},{"d":"1537629753346467808","p":39117.20,"q":0.000256,"s":"SELL","t":1623661680000,"i":"BTC_USDT"},{"d":"1537629752786633024","p":39117.20,"q":0.000256,"s":"SELL","t":1623661680000,"i":"BTC_USDT"},{"d":"1537629752227074560","p":39117.20,"q":0.000255,"s":"SELL","t":1623661680000,"i":"BTC_USDT"},{"d":"1537629751865766656","p":39117.20,"q":0.000256,"s":"SELL","t":1623661680000,"i":"BTC_USDT"},{"d":"1537629751068937792","p":39117.20,"q":0.000256,"s":"SELL","t":1623661680000,"i":"BTC_USDT"},{"d":"1537629750790800672","p":39117.20,"q":0.000256,"s":"SELL","t":1623661680000,"i":"BTC_USDT"},{"d":"1537629735509801600","p":39117.46,"q":0.044092,"s":"BUY","t":1623661680000,"i":"BTC_USDT"},{"d":"1537629731968190336","p":39118.50,"q":0.052370,"s":"BUY","t":1623661680000,"i":"BTC_USDT"},{"d":"1537629721183166080","p":39117.20,"q":0.000002,"s":"SELL","t":1623661680000,"i":"BTC_USDT"},{"d":"1537629654046662912","p":39117.20,"q":0.000004,"s":"SELL","t":1623661680000,"i":"BTC_USDT"},{"d":"1537629586989031040","p":39117.20,"q":0.000004,"s":"SELL","t":1623661680000,"i":"BTC_USDT"},{"d":"1537629519899976576","p":39117.20,"q":0.000008,"s":"SELL","t":1623661680000,"i":"BTC_USDT"},{"d":"1537629452717612736","p":39117.20,"q":0.000008,"s":"SELL","t":1623661680000,"i":"BTC_USDT"},{"d":"1537629385610165472","p":39117.20,"q":0.000006,"s":"SELL","t":1623661680000,"i":"BTC_USDT"},{"d":"1537629318474379008","p":39117.20,"q":0.000004,"s":"SELL","t":1623661680000,"i":"BTC_USDT"},{"d":"1537629251293824000","p":39117.20,"q":0.000005,"s":"SELL","t":1623661680000,"i":"BTC_USDT"},{"d":"1537629245479820992","p":39117.20,"q":0.000009,"s":"SELL","t":1623661680000,"i":"BTC_USDT"},{"d":"1537629183174527904","p":39117.20,"q":0.000460,"s":"SELL","t":1623661680000,"i":"BTC_USDT"},{"d":"1537629179547856832","p":39117.20,"q":0.000102,"s":"SELL","t":1623661680000,"i":"BTC_USDT"},{"d":"1537629150682043264","p":39117.20,"q":0.000003,"s":"SELL","t":1623661680000,"i":"BTC_USDT"},{"d":"1537629117136469728","p":39117.20,"q":0.000005,"s":"SELL","t":1623661680000,"i":"BTC_USDT"},{"d":"1537629073407664928","p":39103.77,"q":0.000169,"s":"SELL","t":1623661680000,"i":"BTC_USDT"},{"d":"1537629072284199456","p":39103.77,"q":0.000169,"s":"SELL","t":1623661680000,"i":"BTC_USDT"},{"d":"1537629016514947552","p":39105.22,"q":0.000006,"s":"SELL","t":1623661680000,"i":"BTC_USDT"},{"d":"1537629015535603616","p":39119.18,"q":0.049849,"s":"SELL","t":1623661680000,"i":"BTC_USDT"},{"d":"1537629014957569952","p":39119.18,"q":0.000144,"s":"SELL","t":1623661680000,"i":"BTC_USDT"},{"d":"1537628982863912768","p":39112.42,"q":0.000007,"s":"SELL","t":1623661680000,"i":"BTC_USDT"},{"d":"1537628915851691520","p":39100.96,"q":0.000007,"s":"SELL","t":1623661680000,"i":"BTC_USDT"},{"d":"1537628848717211456","p":39100.92,"q":0.000004,"s":"SELL","t":1623661680000,"i":"BTC_USDT"},{"d":"1537628781533657408","p":39100.92,"q":0.000005,"s":"SELL","t":1623661680000,"i":"BTC_USDT"},{"d":"1537628745432616640","p":39100.92,"q":0.000170,"s":"SELL","t":1623661680000,"i":"BTC_USDT"},{"d":"1537628719059656096","p":39104.15,"q":0.029509,"s":"BUY","t":1623661680000,"i":"BTC_USDT"},{"d":"1537628714472991648","p":39100.98,"q":0.000002,"s":"SELL","t":1623661680000,"i":"BTC_USDT"},{"d":"1537628668596079616","p":39103.70,"q":0.005097,"s":"BUY","t":1623661680000,"i":"BTC_USDT"},{"d":"1537628613822703104","p":39100.82,"q":0.000006,"s":"SELL","t":1623661680000,"i":"BTC_USDT"},{"d":"1537628580260120608","p":39097.49,"q":0.000005,"s":"SELL","t":1623661680000,"i":"BTC_USDT"},{"d":"1537628523467248448","p":39103.65,"q":0.000169,"s":"SELL","t":1623661680000,"i":"BTC_USDT"},{"d":"1537628521899132032","p":39103.65,"q":0.000169,"s":"SELL","t":1623661680000,"i":"BTC_USDT"},{"d":"1537628479635941344","p":39102.43,"q":0.000003,"s":"SELL","t":1623661680000,"i":"BTC_USDT"},{"d":"1537628454868201920","p":39115.38,"q":0.036494,"s":"SELL","t":1623661680000,"i":"BTC_USDT"},{"d":"1537628445998955584","p":39104.78,"q":0.000003,"s":"SELL","t":1623661680000,"i":"BTC_USDT"},{"d":"1537628378929048480","p":39102.43,"q":0.000004,"s":"SELL","t":1623661680000,"i":"BTC_USDT"},{"d":"1537628346825411872","p":39099.87,"q":0.000094,"s":"SELL","t":1623661680000,"i":"BTC_USDT"},{"d":"1537628328801430848","p":39112.21,"q":0.200560,"s":"BUY","t":1623661680000,"i":"BTC_USDT"},{"d":"1537628328801406560","p":39111.28,"q":0.000100,"s":"BUY","t":1623661680000,"i":"BTC_USDT"},{"d":"1537628328801379104","p":39110.08,"q":0.001768,"s":"BUY","t":1623661680000,"i":"BTC_USDT"},{"d":"1537628328801356064","p":39110.00,"q":0.087662,"s":"BUY","t":1623661680000,"i":"BTC_USDT"},{"d":"1537628328801332832","p":39103.52,"q":0.009994,"s":"BUY","t":1623661680000,"i":"BTC_USDT"},{"d":"1537628328801226912","p":39103.00,"q":0.000116,"s":"BUY","t":1623661680000,"i":"BTC_USDT"},{"d":"1537628281777089664","p":39086.63,"q":0.000006,"s":"BUY","t":1623661680000,"i":"BTC_USDT"},{"d":"1537628249647321984","p":39102.92,"q":0.004656,"s":"BUY","t":1623661680000,"i":"BTC_USDT"},{"d":"1537628219596791520","p":39097.26,"q":0.050077,"s":"SELL","t":1623661680000,"i":"BTC_USDT"},{"d":"1537628211159345856","p":39097.26,"q":0.000003,"s":"SELL","t":1623661680000,"i":"BTC_USDT"},{"d":"1537628177596466912","p":39086.31,"q":0.000003,"s":"BUY","t":1623661680000,"i":"BTC_USDT"},{"d":"1537628177596363040","p":39086.24,"q":0.000004,"s":"BUY","t":1623661680000,"i":"BTC_USDT"},{"d":"1537628110496920160","p":39086.24,"q":0.000003,"s":"SELL","t":1623661680000,"i":"BTC_USDT"},{"d":"1537628018625629408","p":39083.79,"q":0.268640,"s":"SELL","t":1623661680000,"i":"BTC_USDT"},{"d":"1537628009810391904","p":39086.15,"q":0.000005,"s":"BUY","t":1623661680000,"i":"BTC_USDT"},{"d":"1537627976363411808","p":39086.29,"q":0.000007,"s":"BUY","t":1623661680000,"i":"BTC_USDT"},{"d":"1537627950497016352","p":39076.51,"q":0.000107,"s":"BUY","t":1623661680000,"i":"BTC_USDT"},{"d":"1537627921362796160","p":39076.84,"q":0.000026,"s":"SELL","t":1623661680000,"i":"BTC_USDT"},{"d":"1537627876744350560","p":39086.41,"q":0.000004,"s":"SELL","t":1623661680000,"i":"BTC_USDT"},{"d":"1537627841992976544","p":39086.50,"q":0.000005,"s":"BUY","t":1623661680000,"i":"BTC_USDT"}],"t":1623661680000,"o":39086.50,"c":39121.12,"h":39121.12,"l":39076.51,"v":0.846423}},{"first":{"ticks":null,"t":1623661740000,"o":39121.12,"c":39089.02,"h":39121.12,"l":39085.29,"v":0.390536},"second":{"ticks":[{"d":"1537631767927077760","p":39089.02,"q":0.000005,"s":"SELL","t":1623661740000,"i":"BTC_USDT"},{"d":"1537631730027700736","p":39098.54,"q":0.000303,"s":"SELL","t":1623661740000,"i":"BTC_USDT"},{"d":"1537631730027609920","p":39098.54,"q":0.015307,"s":"SELL","t":1623661740000,"i":"BTC_USDT"},{"d":"1537631700855966528","p":39098.54,"q":0.000007,"s":"SELL","t":1623661740000,"i":"BTC_USDT"},{"d":"1537631667280348512","p":39098.82,"q":0.000006,"s":"SELL","t":1623661740000,"i":"BTC_USDT"},{"d":"1537631566593799936","p":39087.01,"q":0.000009,"s":"SELL","t":1623661740000,"i":"BTC_USDT"},{"d":"1537631499489440064","p":39090.00,"q":0.000006,"s":"SELL","t":1623661740000,"i":"BTC_USDT"},{"d":"1537631465948806880","p":39090.02,"q":0.000006,"s":"SELL","t":1623661740000,"i":"BTC_USDT"},{"d":"1537631365352194016","p":39101.83,"q":0.000004,"s":"SELL","t":1623661740000,"i":"BTC_USDT"},{"d":"1537631298310297856","p":39101.83,"q":0.000004,"s":"SELL","t":1623661740000,"i":"BTC_USDT"},{"d":"1537631231108608832","p":39102.90,"q":0.000005,"s":"SELL","t":1623661740000,"i":"BTC_USDT"},{"d":"1537631205621972992","p":39102.90,"q":0.000226,"s":"SELL","t":1623661740000,"i":"BTC_USDT"},{"d":"1537631205588049152","p":39102.90,"q":0.000226,"s":"SELL","t":1623661740000,"i":"BTC_USDT"},{"d":"1537631201957642784","p":39102.90,"q":0.000019,"s":"SELL","t":1623661740000,"i":"BTC_USDT"},{"d":"1537631163980771648","p":39101.84,"q":0.000007,"s":"SELL","t":1623661740000,"i":"BTC_USDT"},{"d":"1537631138675123584","p":39116.03,"q":0.011087,"s":"SELL","t":1623661740000,"i":"BTC_USDT"},{"d":"1537631129551123296","p":39114.29,"q":0.000384,"s":"SELL","t":1623661740000,"i":"BTC_USDT"},{"d":"1537631129506654464","p":39114.29,"q":0.000383,"s":"SELL","t":1623661740000,"i":"BTC_USDT"},{"d":"1537631096910918976","p":39112.44,"q":0.000004,"s":"SELL","t":1623661740000,"i":"BTC_USDT"},{"d":"1537631063330661856","p":39101.81,"q":0.000006,"s":"SELL","t":1623661740000,"i":"BTC_USDT"},{"d":"1537630996180100192","p":39101.84,"q":0.000006,"s":"SELL","t":1623661740000,"i":"BTC_USDT"},{"d":"1537630929108029312","p":39101.81,"q":0.000002,"s":"SELL","t":1623661740000,"i":"BTC_USDT"},{"d":"1537630891745718368","p":39105.05,"q":0.000013,"s":"BUY","t":1623661740000,"i":"BTC_USDT"},{"d":"1537630873568947712","p":39102.90,"q":0.000170,"s":"SELL","t":1623661740000,"i":"BTC_USDT"},{"d":"1537630828418923840","p":39092.34,"q":0.000004,"s":"SELL","t":1623661740000,"i":"BTC_USDT"},{"d":"1537630794847145376","p":39091.76,"q":0.000006,"s":"SELL","t":1623661740000,"i":"BTC_USDT"},{"d":"1537630694146873312","p":39092.84,"q":0.000006,"s":"SELL","t":1623661740000,"i":"BTC_USDT"},{"d":"1537630664490183200","p":39095.36,"q":0.003324,"s":"BUY","t":1623661740000,"i":"BTC_USDT"},{"d":"1537630660610057344","p":39090.84,"q":0.000005,"s":"SELL","t":1623661740000,"i":"BTC_USDT"},{"d":"1537630560020716736","p":39093.18,"q":0.000004,"s":"SELL","t":1623661740000,"i":"BTC_USDT"},{"d":"1537630547128807072","p":39105.04,"q":0.000827,"s":"BUY","t":1623661740000,"i":"BTC_USDT"},{"d":"1537630526345749280","p":39090.77,"q":0.000005,"s":"SELL","t":1623661740000,"i":"BTC_USDT"},{"d":"1537630452191309376","p":39087.57,"q":0.006889,"s":"BUY","t":1623661740000,"i":"BTC_USDT"},{"d":"1537630432608722528","p":39085.40,"q":0.000008,"s":"BUY","t":1623661740000,"i":"BTC_USDT"},{"d":"1537630392143371936","p":39085.29,"q":0.000004,"s":"SELL","t":1623661740000,"i":"BTC_USDT"},{"d":"1537630325128605152","p":39085.41,"q":0.000005,"s":"SELL","t":1623661740000,"i":"BTC_USDT"},{"d":"1537630257998369984","p":39085.65,"q":0.000003,"s":"SELL","t":1623661740000,"i":"BTC_USDT"},{"d":"1537630216866158464","p":39086.68,"q":0.003835,"s":"BUY","t":1623661740000,"i":"BTC_USDT"},{"d":"1537630212197760928","p":39090.65,"q":0.003949,"s":"BUY","t":1623661740000,"i":"BTC_USDT"},{"d":"1537630190914206912","p":39085.65,"q":0.000004,"s":"BUY","t":1623661740000,"i":"BTC_USDT"},{"d":"1537630090198547808","p":39094.06,"q":0.000006,"s":"SELL","t":1623661740000,"i":"BTC_USDT"},{"d":"1537630056657787328","p":39094.06,"q":0.000007,"s":"SELL","t":1623661740000,"i":"BTC_USDT"},{"d":"1537629989587256416","p":39097.10,"q":0.000007,"s":"SELL","t":1623661740000,"i":"BTC_USDT"},{"d":"1537629943188486336","p":39109.05,"q":0.014433,"s":"SELL","t":1623661740000,"i":"BTC_USDT"},{"d":"1537629941261380416","p":39109.05,"q":0.000019,"s":"SELL","t":1623661740000,"i":"BTC_USDT"},{"d":"1537629888968416448","p":39094.06,"q":0.000005,"s":"SELL","t":1623661740000,"i":"BTC_USDT"},{"d":"1537629888968323264","p":39096.76,"q":0.000001,"s":"SELL","t":1623661740000,"i":"BTC_USDT"},{"d":"1537629849678912064","p":39112.81,"q":0.089990,"s":"SELL","t":1623661740000,"i":"BTC_USDT"},{"d":"1537629846319162144","p":39117.20,"q":0.101408,"s":"SELL","t":1623661740000,"i":"BTC_USDT"},{"d":"1537629845868996640","p":39117.20,"q":0.112166,"s":"SELL","t":1623661740000,"i":"BTC_USDT"},{"d":"1537629842823136640","p":39121.12,"q":0.025421,"s":"SELL","t":1623661740000,"i":"BTC_USDT"}],"t":1623661740000,"o":39121.12,"c":39089.02,"h":39121.12,"l":39085.29,"v":0.390536}},{"first":{"ticks":null,"t":1623661800000,"o":39086.34,"c":39107.81,"h":39124.13,"l":39086.34,"v":0.189392},"second":{"ticks":[{"d":"1537633851812977376","p":39107.81,"q":0.027925,"s":"BUY","t":1623661800000,"i":"BTC_USDT"},{"d":"1537633848369289216","p":39106.38,"q":0.000005,"s":"SELL","t":1623661800000,"i":"BTC_USDT"},{"d":"1537633781199492704","p":39106.38,"q":0.000006,"s":"SELL","t":1623661800000,"i":"BTC_USDT"},{"d":"1537633760305293120","p":39106.38,"q":0.000170,"s":"SELL","t":1623661800000,"i":"BTC_USDT"},{"d":"1537633714170644896","p":39105.70,"q":0.000006,"s":"SELL","t":1623661800000,"i":"BTC_USDT"},{"d":"1537633647010084256","p":39111.96,"q":0.000006,"s":"SELL","t":1623661800000,"i":"BTC_USDT"},{"d":"1537633613410891584","p":39105.70,"q":0.000007,"s":"SELL","t":1623661800000,"i":"BTC_USDT"},{"d":"1537633546302357792","p":39104.93,"q":0.000005,"s":"SELL","t":1623661800000,"i":"BTC_USDT"},{"d":"1537633445667065216","p":39102.80,"q":0.000004,"s":"SELL","t":1623661800000,"i":"BTC_USDT"},{"d":"1537633412180789408","p":39099.18,"q":0.000007,"s":"SELL","t":1623661800000,"i":"BTC_USDT"},{"d":"1537633311442106720","p":39102.75,"q":0.000005,"s":"SELL","t":1623661800000,"i":"BTC_USDT"},{"d":"1537633294256246688","p":39102.76,"q":0.000027,"s":"SELL","t":1623661800000,"i":"BTC_USDT"},{"d":"1537633290601278112","p":39102.75,"q":0.000142,"s":"SELL","t":1623661800000,"i":"BTC_USDT"},{"d":"1537633277883301120","p":39099.17,"q":0.000007,"s":"SELL","t":1623661800000,"i":"BTC_USDT"},{"d":"1537633245990375776","p":39105.82,"q":0.000006,"s":"BUY","t":1623661800000,"i":"BTC_USDT"},{"d":"1537633221815294944","p":39097.34,"q":0.067990,"s":"BUY","t":1623661800000,"i":"BTC_USDT"},{"d":"1537633210792869120","p":39094.17,"q":0.000003,"s":"SELL","t":1623661800000,"i":"BTC_USDT"},{"d":"1537633110156617088","p":39094.70,"q":0.000006,"s":"SELL","t":1623661800000,"i":"BTC_USDT"},{"d":"1537633043057587232","p":39100.25,"q":0.000004,"s":"SELL","t":1623661800000,"i":"BTC_USDT"},{"d":"1537632975938156672","p":39100.25,"q":0.000005,"s":"SELL","t":1623661800000,"i":"BTC_USDT"},{"d":"1537632908916446688","p":39100.25,"q":0.000009,"s":"SELL","t":1623661800000,"i":"BTC_USDT"},{"d":"1537632875257030080","p":39104.62,"q":0.000008,"s":"SELL","t":1623661800000,"i":"BTC_USDT"},{"d":"1537632808075242432","p":39102.79,"q":0.000006,"s":"SELL","t":1623661800000,"i":"BTC_USDT"},{"d":"1537632741059626496","p":39102.79,"q":0.000008,"s":"SELL","t":1623661800000,"i":"BTC_USDT"},{"d":"1537632640380603040","p":39111.63,"q":0.000007,"s":"SELL","t":1623661800000,"i":"BTC_USDT"},{"d":"1537632618936836224","p":39108.40,"q":0.000169,"s":"SELL","t":1623661800000,"i":"BTC_USDT"},{"d":"1537632606850255776","p":39108.39,"q":0.000004,"s":"SELL","t":1623661800000,"i":"BTC_USDT"},{"d":"1537632598784287776","p":39122.29,"q":0.000460,"s":"SELL","t":1623661800000,"i":"BTC_USDT"},{"d":"1537632595301870240","p":39124.13,"q":0.086262,"s":"SELL","t":1623661800000,"i":"BTC_USDT"},{"d":"1537632563173385088","p":39122.29,"q":0.000461,"s":"SELL","t":1623661800000,"i":"BTC_USDT"},{"d":"1537632562982536288","p":39122.29,"q":0.000460,"s":"SELL","t":1623661800000,"i":"BTC_USDT"},{"d":"1537632562628617568","p":39122.29,"q":0.000461,"s":"SELL","t":1623661800000,"i":"BTC_USDT"},{"d":"1537632561342820928","p":39122.29,"q":0.000461,"s":"SELL","t":1623661800000,"i":"BTC_USDT"},{"d":"1537632532466219840","p":39113.06,"q":0.000341,"s":"SELL","t":1623661800000,"i":"BTC_USDT"},{"d":"1537632530171998848","p":39113.06,"q":0.000342,"s":"SELL","t":1623661800000,"i":"BTC_USDT"},{"d":"1537632506082429472","p":39113.06,"q":0.000005,"s":"SELL","t":1623661800000,"i":"BTC_USDT"},{"d":"1537632472541608384","p":39113.06,"q":0.000006,"s":"SELL","t":1623661800000,"i":"BTC_USDT"},{"d":"1537632371956491424","p":39113.06,"q":0.000002,"s":"SELL","t":1623661800000,"i":"BTC_USDT"},{"d":"1537632338399820512","p":39113.06,"q":0.000005,"s":"SELL","t":1623661800000,"i":"BTC_USDT"},{"d":"1537632328379639264","p":39113.06,"q":0.000460,"s":"SELL","t":1623661800000,"i":"BTC_USDT"},{"d":"1537632297018682688","p":39113.06,"q":0.000461,"s":"SELL","t":1623661800000,"i":"BTC_USDT"},{"d":"1537632293725845792","p":39113.06,"q":0.000460,"s":"SELL","t":1623661800000,"i":"BTC_USDT"},{"d":"1537632286775167040","p":39113.06,"q":0.000377,"s":"SELL","t":1623661800000,"i":"BTC_USDT"},{"d":"1537632286217279008","p":39113.06,"q":0.000459,"s":"SELL","t":1623661800000,"i":"BTC_USDT"},{"d":"1537632283220795264","p":39113.06,"q":0.000458,"s":"SELL","t":1623661800000,"i":"BTC_USDT"},{"d":"1537632268783177312","p":39113.06,"q":0.000076,"s":"SELL","t":1623661800000,"i":"BTC_USDT"},{"d":"1537632268631890816","p":39113.06,"q":0.000081,"s":"SELL","t":1623661800000,"i":"BTC_USDT"},{"d":"1537632267239660544","p":39113.06,"q":0.000081,"s":"SELL","t":1623661800000,"i":"BTC_USDT"},{"d":"1537632266169891136","p":39113.06,"q":0.000076,"s":"SELL","t":1623661800000,"i":"BTC_USDT"},{"d":"1537632266050364736","p":39113.06,"q":0.000081,"s":"SELL","t":1623661800000,"i":"BTC_USDT"},{"d":"1537632262634467520","p":39113.06,"q":0.000065,"s":"SELL","t":1623661800000,"i":"BTC_USDT"},{"d":"1537632255635733408","p":39113.04,"q":0.000212,"s":"SELL","t":1623661800000,"i":"BTC_USDT"},{"d":"1537632237833943456","p":39108.51,"q":0.000006,"s":"SELL","t":1623661800000,"i":"BTC_USDT"},{"d":"1537632170652672672","p":39108.34,"q":0.000006,"s":"SELL","t":1623661800000,"i":"BTC_USDT"},{"d":"1537632137066029888","p":39108.26,"q":0.000004,"s":"SELL","t":1623661800000,"i":"BTC_USDT"},{"d":"1537632113795540768","p":39105.08,"q":0.000091,"s":"SELL","t":1623661800000,"i":"BTC_USDT"},{"d":"1537632113582222912","p":39105.08,"q":0.000092,"s":"SELL","t":1623661800000,"i":"BTC_USDT"},{"d":"1537632036413462912","p":39091.86,"q":0.000008,"s":"SELL","t":1623661800000,"i":"BTC_USDT"},{"d":"1537632010333386784","p":39095.80,"q":0.000007,"s":"BUY","t":1623661800000,"i":"BTC_USDT"},{"d":"1537631969297397856","p":39087.34,"q":0.000001,"s":"SELL","t":1623661800000,"i":"BTC_USDT"},{"d":"1537631935668895616","p":39087.99,"q":0.000007,"s":"SELL","t":1623661800000,"i":"BTC_USDT"},{"d":"1537631868554937792","p":39086.34,"q":0.000010,"s":"SELL","t":1623661800000,"i":"BTC_USDT"}],"t":1623661800000,"o":39086.34,"c":39107.81,"h":39124.13,"l":39086.34,"v":0.189392}},{"first":{"ticks":null,"t":1623661860000,"o":39106.37,"c":39103.95,"h":39117.38,"l":39103.49,"v":0.114408},"second":{"ticks":[{"d":"1537635794502939712","p":39103.95,"q":0.000007,"s":"SELL","t":1623661860000,"i":"BTC_USDT"},{"d":"1537635770966512960","p":39106.08,"q":0.023331,"s":"BUY","t":1623661860000,"i":"BTC_USDT"},{"d":"1537635727423388800","p":39104.02,"q":0.000007,"s":"SELL","t":1623661860000,"i":"BTC_USDT"},{"d":"1537635660298591840","p":39103.89,"q":0.000002,"s":"SELL","t":1623661860000,"i":"BTC_USDT"},{"d":"1537635626730081120","p":39103.89,"q":0.000007,"s":"SELL","t":1623661860000,"i":"BTC_USDT"},{"d":"1537635559536084928","p":39105.92,"q":0.000003,"s":"SELL","t":1623661860000,"i":"BTC_USDT"},{"d":"1537635540529533248","p":39108.53,"q":0.000009,"s":"BUY","t":1623661860000,"i":"BTC_USDT"},{"d":"1537635458941440800","p":39105.92,"q":0.000003,"s":"SELL","t":1623661860000,"i":"BTC_USDT"},{"d":"1537635391798966080","p":39105.92,"q":0.000004,"s":"SELL","t":1623661860000,"i":"BTC_USDT"},{"d":"1537635358304778656","p":39105.92,"q":0.000003,"s":"SELL","t":1623661860000,"i":"BTC_USDT"},{"d":"1537635357256939424","p":39105.92,"q":0.000457,"s":"SELL","t":1623661860000,"i":"BTC_USDT"},{"d":"1537635353588791936","p":39105.92,"q":0.000230,"s":"SELL","t":1623661860000,"i":"BTC_USDT"},{"d":"1537635291066087072","p":39105.92,"q":0.000005,"s":"SELL","t":1623661860000,"i":"BTC_USDT"},{"d":"1537635224102032960","p":39106.21,"q":0.000003,"s":"SELL","t":1623661860000,"i":"BTC_USDT"},{"d":"1537635156967595488","p":39107.98,"q":0.000006,"s":"SELL","t":1623661860000,"i":"BTC_USDT"},{"d":"1537635089887513792","p":39107.98,"q":0.000006,"s":"SELL","t":1623661860000,"i":"BTC_USDT"},{"d":"1537635022774392000","p":39107.98,"q":0.000006,"s":"SELL","t":1623661860000,"i":"BTC_USDT"},{"d":"1537635002746550016","p":39109.20,"q":0.005097,"s":"BUY","t":1623661860000,"i":"BTC_USDT"},{"d":"1537634922047629024","p":39106.21,"q":0.000008,"s":"SELL","t":1623661860000,"i":"BTC_USDT"},{"d":"1537634854963654720","p":39111.95,"q":0.000007,"s":"SELL","t":1623661860000,"i":"BTC_USDT"},{"d":"1537634821398177632","p":39111.95,"q":0.000007,"s":"SELL","t":1623661860000,"i":"BTC_USDT"},{"d":"1537634720806308960","p":39111.95,"q":0.000003,"s":"SELL","t":1623661860000,"i":"BTC_USDT"},{"d":"1537634687176690144","p":39111.95,"q":0.000007,"s":"SELL","t":1623661860000,"i":"BTC_USDT"},{"d":"1537634620027442368","p":39111.95,"q":0.000007,"s":"SELL","t":1623661860000,"i":"BTC_USDT"},{"d":"1537634574547328608","p":39117.38,"q":0.001009,"s":"BUY","t":1623661860000,"i":"BTC_USDT"},{"d":"1537634574547232640","p":39117.38,"q":0.001009,"s":"BUY","t":1623661860000,"i":"BTC_USDT"},{"d":"1537634559482657408","p":39108.47,"q":0.021800,"s":"BUY","t":1623661860000,"i":"BTC_USDT"},{"d":"1537634556330237984","p":39106.26,"q":0.000126,"s":"SELL","t":1623661860000,"i":"BTC_USDT"},{"d":"1537634553987678912","p":39106.25,"q":0.000342,"s":"SELL","t":1623661860000,"i":"BTC_USDT"},{"d":"1537634519380663584","p":39106.19,"q":0.000004,"s":"SELL","t":1623661860000,"i":"BTC_USDT"},{"d":"1537634485912794688","p":39105.92,"q":0.000003,"s":"SELL","t":1623661860000,"i":"BTC_USDT"},{"d":"1537634425897000448","p":39114.01,"q":0.000768,"s":"BUY","t":1623661860000,"i":"BTC_USDT"},{"d":"1537634385169145760","p":39103.49,"q":0.000007,"s":"SELL","t":1623661860000,"i":"BTC_USDT"},{"d":"1537634357191051904","p":39114.01,"q":0.006164,"s":"SELL","t":1623661860000,"i":"BTC_USDT"},{"d":"1537634323369912352","p":39115.89,"q":0.000013,"s":"BUY","t":1623661860000,"i":"BTC_USDT"},{"d":"1537634318070591872","p":39106.56,"q":0.000006,"s":"SELL","t":1623661860000,"i":"BTC_USDT"},{"d":"1537634300572503232","p":39114.02,"q":0.000461,"s":"SELL","t":1623661860000,"i":"BTC_USDT"},{"d":"1537634291107842432","p":39106.56,"q":0.000461,"s":"SELL","t":1623661860000,"i":"BTC_USDT"},{"d":"1537634287613810784","p":39106.56,"q":0.000460,"s":"SELL","t":1623661860000,"i":"BTC_USDT"},{"d":"1537634282965269984","p":39106.56,"q":0.000461,"s":"SELL","t":1623661860000,"i":"BTC_USDT"},{"d":"1537634277269385888","p":39106.55,"q":0.000441,"s":"SELL","t":1623661860000,"i":"BTC_USDT"},{"d":"1537634273056991136","p":39106.54,"q":0.000461,"s":"SELL","t":1623661860000,"i":"BTC_USDT"},{"d":"1537634263597788896","p":39114.01,"q":0.000415,"s":"SELL","t":1623661860000,"i":"BTC_USDT"},{"d":"1537634251055452256","p":39106.53,"q":0.000007,"s":"SELL","t":1623661860000,"i":"BTC_USDT"},{"d":"1537634183877835168","p":39106.56,"q":0.000005,"s":"SELL","t":1623661860000,"i":"BTC_USDT"},{"d":"1537634116842935744","p":39108.06,"q":0.000003,"s":"SELL","t":1623661860000,"i":"BTC_USDT"},{"d":"1537634089182485856","p":39108.06,"q":0.000200,"s":"SELL","t":1623661860000,"i":"BTC_USDT"},{"d":"1537634083223055264","p":39108.06,"q":0.000004,"s":"SELL","t":1623661860000,"i":"BTC_USDT"},{"d":"1537634055979319680","p":39108.06,"q":0.050543,"s":"BUY","t":1623661860000,"i":"BTC_USDT"},{"d":"1537634016066292960","p":39106.44,"q":0.000004,"s":"SELL","t":1623661860000,"i":"BTC_USDT"},{"d":"1537633915496207680","p":39106.37,"q":0.000006,"s":"SELL","t":1623661860000,"i":"BTC_USDT"}],"t":1623661860000,"o":39106.37,"c":39103.95,"h":39117.38,"l":39103.49,"v":0.114408}},{"first":{"ticks":null,"t":1623661920000,"o":39103.95,"c":39131.38,"h":39138.27,"l":39103.49,"v":0.059352},"second":{"ticks":[{"d":"1537637874958891520","p":39131.38,"q":0.000009,"s":"SELL","t":1623661920000,"i":"BTC_USDT"},{"d":"1537637807757281440","p":39131.36,"q":0.000006,"s":"SELL","t":1623661920000,"i":"BTC_USDT"},{"d":"1537637774270176160","p":39131.38,"q":0.000003,"s":"SELL","t":1623661920000,"i":"BTC_USDT"},{"d":"1537637709110844928","p":39134.77,"q":0.002167,"s":"BUY","t":1623661920000,"i":"BTC_USDT"},{"d":"1537637707069744512","p":39132.70,"q":0.000004,"s":"SELL","t":1623661920000,"i":"BTC_USDT"},{"d":"1537637670254571072","p":39133.06,"q":0.000006,"s":"BUY","t":1623661920000,"i":"BTC_USDT"},{"d":"1537637606461661440","p":39131.37,"q":0.000005,"s":"SELL","t":1623661920000,"i":"BTC_USDT"},{"d":"1537637539286640544","p":39125.25,"q":0.000008,"s":"SELL","t":1623661920000,"i":"BTC_USDT"},{"d":"1537637505819438848","p":39124.70,"q":0.000004,"s":"SELL","t":1623661920000,"i":"BTC_USDT"},{"d":"1537637489635435904","p":39126.09,"q":0.021250,"s":"BUY","t":1623661920000,"i":"BTC_USDT"},{"d":"1537637478739174656","p":39124.70,"q":0.000459,"s":"SELL","t":1623661920000,"i":"BTC_USDT"},{"d":"1537637478045097280","p":39124.70,"q":0.000446,"s":"SELL","t":1623661920000,"i":"BTC_USDT"},{"d":"1537637478045007392","p":39124.70,"q":0.000461,"s":"SELL","t":1623661920000,"i":"BTC_USDT"},{"d":"1537637472094876288","p":39124.70,"q":0.000635,"s":"SELL","t":1623661920000,"i":"BTC_USDT"},{"d":"1537637470483540096","p":39124.70,"q":0.000235,"s":"SELL","t":1623661920000,"i":"BTC_USDT"},{"d":"1537637469679874784","p":39124.70,"q":0.000230,"s":"SELL","t":1623661920000,"i":"BTC_USDT"},{"d":"1537637468606159360","p":39124.70,"q":0.000235,"s":"SELL","t":1623661920000,"i":"BTC_USDT"},{"d":"1537637468183874208","p":39124.70,"q":0.000235,"s":"SELL","t":1623661920000,"i":"BTC_USDT"},{"d":"1537637467760073024","p":39124.70,"q":0.000235,"s":"SELL","t":1623661920000,"i":"BTC_USDT"},{"d":"1537637467204227712","p":39124.70,"q":0.000235,"s":"SELL","t":1623661920000,"i":"BTC_USDT"},{"d":"1537637405137982080","p":39124.70,"q":0.000001,"s":"SELL","t":1623661920000,"i":"BTC_USDT"},{"d":"1537637371549135424","p":39125.39,"q":0.000005,"s":"SELL","t":1623661920000,"i":"BTC_USDT"},{"d":"1537637270928114688","p":39123.84,"q":0.000007,"s":"SELL","t":1623661920000,"i":"BTC_USDT"},{"d":"1537637237365632480","p":39123.84,"q":0.000006,"s":"SELL","t":1623661920000,"i":"BTC_USDT"},{"d":"1537637170181026720","p":39123.00,"q":0.000005,"s":"SELL","t":1623661920000,"i":"BTC_USDT"},{"d":"1537637088431605024","p":39125.44,"q":0.005097,"s":"BUY","t":1623661920000,"i":"BTC_USDT"},{"d":"1537637069650454784","p":39123.84,"q":0.000007,"s":"SELL","t":1623661920000,"i":"BTC_USDT"},{"d":"1537637035903300608","p":39123.82,"q":0.000006,"s":"SELL","t":1623661920000,"i":"BTC_USDT"},{"d":"1537636935336495968","p":39123.83,"q":0.000005,"s":"SELL","t":1623661920000,"i":"BTC_USDT"},{"d":"1537636901776772320","p":39123.99,"q":0.000006,"s":"SELL","t":1623661920000,"i":"BTC_USDT"},{"d":"1537636873528034432","p":39138.27,"q":0.003828,"s":"SELL","t":1623661920000,"i":"BTC_USDT"},{"d":"1537636861952503360","p":39123.33,"q":0.000973,"s":"SELL","t":1623661920000,"i":"BTC_USDT"},{"d":"1537636861728536416","p":39123.33,"q":0.001559,"s":"SELL","t":1623661920000,"i":"BTC_USDT"},{"d":"1537636861111392000","p":39123.33,"q":0.001609,"s":"SELL","t":1623661920000,"i":"BTC_USDT"},{"d":"1537636860413748096","p":39123.33,"q":0.000768,"s":"SELL","t":1623661920000,"i":"BTC_USDT"},{"d":"1537636859429490272","p":39123.33,"q":0.000424,"s":"SELL","t":1623661920000,"i":"BTC_USDT"},{"d":"1537636858933873760","p":39123.33,"q":0.000971,"s":"SELL","t":1623661920000,"i":"BTC_USDT"},{"d":"1537636842339285344","p":39135.87,"q":0.000168,"s":"SELL","t":1623661920000,"i":"BTC_USDT"},{"d":"1537636841693604992","p":39135.87,"q":0.000169,"s":"SELL","t":1623661920000,"i":"BTC_USDT"},{"d":"1537636834690630080","p":39123.83,"q":0.000003,"s":"SELL","t":1623661920000,"i":"BTC_USDT"},{"d":"1537636767657642272","p":39119.19,"q":0.000007,"s":"SELL","t":1623661920000,"i":"BTC_USDT"},{"d":"1537636686564617376","p":39124.87,"q":0.000180,"s":"BUY","t":1623661920000,"i":"BTC_USDT"},{"d":"1537636666900001440","p":39118.88,"q":0.000004,"s":"SELL","t":1623661920000,"i":"BTC_USDT"},{"d":"1537636650970134080","p":39124.85,"q":0.000115,"s":"SELL","t":1623661920000,"i":"BTC_USDT"},{"d":"1537636648013193888","p":39124.60,"q":0.000013,"s":"BUY","t":1623661920000,"i":"BTC_USDT"},{"d":"1537636633364282144","p":39116.52,"q":0.000006,"s":"SELL","t":1623661920000,"i":"BTC_USDT"},{"d":"1537636596649595680","p":39111.49,"q":0.000004,"s":"BUY","t":1623661920000,"i":"BTC_USDT"},{"d":"1537636566242787584","p":39103.67,"q":0.000005,"s":"SELL","t":1623661920000,"i":"BTC_USDT"},{"d":"1537636499150741056","p":39103.66,"q":0.000004,"s":"SELL","t":1623661920000,"i":"BTC_USDT"},{"d":"1537636451528017824","p":39103.49,"q":0.000793,"s":"SELL","t":1623661920000,"i":"BTC_USDT"},{"d":"1537636450982028576","p":39103.49,"q":0.000408,"s":"SELL","t":1623661920000,"i":"BTC_USDT"},{"d":"1537636450281466496","p":39103.49,"q":0.000408,"s":"SELL","t":1623661920000,"i":"BTC_USDT"},{"d":"1537636449445282112","p":39103.70,"q":0.000051,"s":"BUY","t":1623661920000,"i":"BTC_USDT"},{"d":"1537636445796425984","p":39103.70,"q":0.000538,"s":"SELL","t":1623661920000,"i":"BTC_USDT"},{"d":"1537636444020435776","p":39103.70,"q":0.000051,"s":"SELL","t":1623661920000,"i":"BTC_USDT"},{"d":"1537636412325217504","p":39103.69,"q":0.000447,"s":"SELL","t":1623661920000,"i":"BTC_USDT"},{"d":"1537636412073509920","p":39103.69,"q":0.000434,"s":"SELL","t":1623661920000,"i":"BTC_USDT"},{"d":"1537636410128026016","p":39103.69,"q":0.000435,"s":"SELL","t":1623661920000,"i":"BTC_USDT"},{"d":"1537636398513227200","p":39103.70,"q":0.000004,"s":"SELL","t":1623661920000,"i":"BTC_USDT"},{"d":"1537636378211061888","p":39103.70,"q":0.000367,"s":"SELL","t":1623661920000,"i":"BTC_USDT"},{"d":"1537636377602033984","p":39103.70,"q":0.000368,"s":"SELL","t":1623661920000,"i":"BTC_USDT"},{"d":"1537636342372839968","p":39103.92,"q":0.000419,"s":"SELL","t":1623661920000,"i":"BTC_USDT"},{"d":"1537636331383752384","p":39103.90,"q":0.000005,"s":"SELL","t":1623661920000,"i":"BTC_USDT"},{"d":"1537636264309240288","p":39103.88,"q":0.000005,"s":"SELL","t":1623661920000,"i":"BTC_USDT"},{"d":"1537636247027450688","p":39105.51,"q":0.005805,"s":"BUY","t":1623661920000,"i":"BTC_USDT"},{"d":"1537636197185410400","p":39103.96,"q":0.000007,"s":"SELL","t":1623661920000,"i":"BTC_USDT"},{"d":"1537636183214009248","p":39105.49,"q":0.005097,"s":"BUY","t":1623661920000,"i":"BTC_USDT"},{"d":"1537636130132347776","p":39103.92,"q":0.000003,"s":"SELL","t":1623661920000,"i":"BTC_USDT"},{"d":"1537636101491507936","p":39103.96,"q":0.000460,"s":"SELL","t":1623661920000,"i":"BTC_USDT"},{"d":"1537636097905784800","p":39103.95,"q":0.000106,"s":"SELL","t":1623661920000,"i":"BTC_USDT"},{"d":"1537636063009832192","p":39103.95,"q":0.000002,"s":"SELL","t":1623661920000,"i":"BTC_USDT"},{"d":"1537635995850901568","p":39103.95,"q":0.000003,"s":"SELL","t":1623661920000,"i":"BTC_USDT"},{"d":"1537635982641244000","p":39103.95,"q":0.000304,"s":"SELL","t":1623661920000,"i":"BTC_USDT"},{"d":"1537635928715884448","p":39103.95,"q":0.000001,"s":"SELL","t":1623661920000,"i":"BTC_USDT"},{"d":"1537635895171084992","p":39103.95,"q":0.000008,"s":"SELL","t":1623661920000,"i":"BTC_USDT"}],"t":1623661920000,"o":39103.95,"c":39131.38,"h":39138.27,"l":39103.49,"v":0.059352}},{"first":{"ticks":null,"t":1623661980000,"o":39136.63,"c":39115.27,"h":39157.95,"l":39106.36,"v":0.546826},"second":{"ticks":[{"d":"1537639888150954368","p":39115.27,"q":0.000008,"s":"SELL","t":1623661980000,"i":"BTC_USDT"},{"d":"1537639854555080064","p":39115.27,"q":0.000003,"s":"SELL","t":1623661980000,"i":"BTC_USDT"},{"d":"1537639786334390400","p":39119.79,"q":0.074771,"s":"SELL","t":1623661980000,"i":"BTC_USDT"},{"d":"1537639753928106784","p":39119.05,"q":0.000008,"s":"SELL","t":1623661980000,"i":"BTC_USDT"},{"d":"1537639753250131520","p":39119.05,"q":0.000390,"s":"SELL","t":1623661980000,"i":"BTC_USDT"},{"d":"1537639732347177536","p":39119.05,"q":0.000461,"s":"SELL","t":1623661980000,"i":"BTC_USDT"},{"d":"1537639693327955872","p":39119.06,"q":0.000342,"s":"SELL","t":1623661980000,"i":"BTC_USDT"},{"d":"1537639686880485600","p":39115.27,"q":0.000006,"s":"SELL","t":1623661980000,"i":"BTC_USDT"},{"d":"1537639683092345888","p":39115.27,"q":0.000138,"s":"SELL","t":1623661980000,"i":"BTC_USDT"},{"d":"1537639674424158080","p":39115.27,"q":0.000462,"s":"SELL","t":1623661980000,"i":"BTC_USDT"},{"d":"1537639674405631616","p":39115.27,"q":0.000409,"s":"SELL","t":1623661980000,"i":"BTC_USDT"},{"d":"1537639672683206368","p":39115.27,"q":0.000417,"s":"SELL","t":1623661980000,"i":"BTC_USDT"},{"d":"1537639671814718848","p":39115.27,"q":0.000417,"s":"SELL","t":1623661980000,"i":"BTC_USDT"},{"d":"1537639653290683456","p":39115.27,"q":0.000007,"s":"SELL","t":1623661980000,"i":"BTC_USDT"},{"d":"1537639639760874912","p":39115.27,"q":0.000498,"s":"SELL","t":1623661980000,"i":"BTC_USDT"},{"d":"1537639637871603552","p":39115.27,"q":0.000499,"s":"SELL","t":1623661980000,"i":"BTC_USDT"},{"d":"1537639630696938752","p":39115.27,"q":0.000460,"s":"SELL","t":1623661980000,"i":"BTC_USDT"},{"d":"1537639630099864544","p":39115.27,"q":0.000460,"s":"SELL","t":1623661980000,"i":"BTC_USDT"},{"d":"1537639629611133152","p":39115.27,"q":0.000025,"s":"SELL","t":1623661980000,"i":"BTC_USDT"},{"d":"1537639629354528672","p":39115.27,"q":0.000459,"s":"SELL","t":1623661980000,"i":"BTC_USDT"},{"d":"1537639629354152992","p":39115.27,"q":0.000459,"s":"SELL","t":1623661980000,"i":"BTC_USDT"},{"d":"1537639627462791968","p":39115.27,"q":0.000461,"s":"SELL","t":1623661980000,"i":"BTC_USDT"},{"d":"1537639586108114784","p":39115.27,"q":0.000005,"s":"SELL","t":1623661980000,"i":"BTC_USDT"},{"d":"1537639485478230112","p":39119.06,"q":0.000004,"s":"SELL","t":1623661980000,"i":"BTC_USDT"},{"d":"1537639451921638624","p":39119.82,"q":0.000006,"s":"SELL","t":1623661980000,"i":"BTC_USDT"},{"d":"1537639428644843616","p":39119.06,"q":0.000179,"s":"SELL","t":1623661980000,"i":"BTC_USDT"},{"d":"1537639428644749120","p":39119.06,"q":0.000179,"s":"SELL","t":1623661980000,"i":"BTC_USDT"},{"d":"1537639418301033888","p":39115.27,"q":0.000635,"s":"SELL","t":1623661980000,"i":"BTC_USDT"},{"d":"1537639415742302624","p":39115.27,"q":0.000373,"s":"SELL","t":1623661980000,"i":"BTC_USDT"},{"d":"1537639415554322944","p":39115.27,"q":0.000921,"s":"SELL","t":1623661980000,"i":"BTC_USDT"},{"d":"1537639415052689664","p":39115.27,"q":0.000895,"s":"SELL","t":1623661980000,"i":"BTC_USDT"},{"d":"1537639414898949600","p":39115.27,"q":0.000353,"s":"SELL","t":1623661980000,"i":"BTC_USDT"},{"d":"1537639414621540448","p":39115.27,"q":0.000919,"s":"SELL","t":1623661980000,"i":"BTC_USDT"},{"d":"1537639407870358400","p":39115.27,"q":0.000547,"s":"SELL","t":1623661980000,"i":"BTC_USDT"},{"d":"1537639405469261824","p":39115.27,"q":0.000548,"s":"SELL","t":1623661980000,"i":"BTC_USDT"},{"d":"1537639404453057824","p":39115.27,"q":0.000538,"s":"SELL","t":1623661980000,"i":"BTC_USDT"},{"d":"1537639394069324992","p":39115.27,"q":0.000635,"s":"SELL","t":1623661980000,"i":"BTC_USDT"},{"d":"1537639391633459296","p":39115.27,"q":0.000461,"s":"SELL","t":1623661980000,"i":"BTC_USDT"},{"d":"1537639391311992480","p":39115.27,"q":0.001008,"s":"SELL","t":1623661980000,"i":"BTC_USDT"},{"d":"1537639390495940864","p":39115.27,"q":0.000459,"s":"SELL","t":1623661980000,"i":"BTC_USDT"},{"d":"1537639390381025024","p":39115.27,"q":0.000459,"s":"SELL","t":1623661980000,"i":"BTC_USDT"},{"d":"1537639380182456192","p":39115.27,"q":0.000635,"s":"SELL","t":1623661980000,"i":"BTC_USDT"},{"d":"1537639377734982624","p":39115.27,"q":0.000537,"s":"SELL","t":1623661980000,"i":"BTC_USDT"},{"d":"1537639377366789088","p":39115.27,"q":0.000548,"s":"SELL","t":1623661980000,"i":"BTC_USDT"},{"d":"1537639369693935360","p":39120.01,"q":0.000009,"s":"BUY","t":1623661980000,"i":"BTC_USDT"},{"d":"1537639368017687840","p":39115.27,"q":0.000445,"s":"SELL","t":1623661980000,"i":"BTC_USDT"},{"d":"1537639367516393664","p":39115.27,"q":0.000445,"s":"SELL","t":1623661980000,"i":"BTC_USDT"},{"d":"1537639367479589120","p":39115.27,"q":0.000690,"s":"SELL","t":1623661980000,"i":"BTC_USDT"},{"d":"1537639367088993632","p":39115.27,"q":0.000445,"s":"SELL","t":1623661980000,"i":"BTC_USDT"},{"d":"1537639366191041184","p":39115.27,"q":0.000443,"s":"SELL","t":1623661980000,"i":"BTC_USDT"},{"d":"1537639366171965568","p":39115.27,"q":0.000443,"s":"SELL","t":1623661980000,"i":"BTC_USDT"},{"d":"1537639351276224384","p":39115.27,"q":0.000004,"s":"SELL","t":1623661980000,"i":"BTC_USDT"},{"d":"1537639338645500480","p":39115.27,"q":0.000459,"s":"SELL","t":1623661980000,"i":"BTC_USDT"},{"d":"1537639338412784928","p":39115.27,"q":0.001006,"s":"SELL","t":1623661980000,"i":"BTC_USDT"},{"d":"1537639333703372512","p":39115.27,"q":0.000461,"s":"SELL","t":1623661980000,"i":"BTC_USDT"},{"d":"1537639331539667296","p":39111.73,"q":0.000459,"s":"BUY","t":1623661980000,"i":"BTC_USDT"},{"d":"1537639331506641472","p":39111.73,"q":0.000461,"s":"BUY","t":1623661980000,"i":"BTC_USDT"},{"d":"1537639329071146784","p":39111.72,"q":0.000461,"s":"SELL","t":1623661980000,"i":"BTC_USDT"},{"d":"1537639322552611584","p":39111.72,"q":0.000461,"s":"SELL","t":1623661980000,"i":"BTC_USDT"},{"d":"1537639319251075040","p":39111.72,"q":0.000636,"s":"SELL","t":1623661980000,"i":"BTC_USDT"},{"d":"1537639317724994912","p":39111.72,"q":0.000003,"s":"SELL","t":1623661980000,"i":"BTC_USDT"},{"d":"1537639314275071872","p":39111.72,"q":0.000507,"s":"SELL","t":1623661980000,"i":"BTC_USDT"},{"d":"1537639312005863424","p":39111.72,"q":0.000332,"s":"SELL","t":1623661980000,"i":"BTC_USDT"},{"d":"1537639311925342016","p":39111.72,"q":0.000350,"s":"SELL","t":1623661980000,"i":"BTC_USDT"},{"d":"1537639311804928704","p":39111.72,"q":0.000350,"s":"SELL","t":1623661980000,"i":"BTC_USDT"},{"d":"1537639311346470496","p":39111.72,"q":0.000843,"s":"SELL","t":1623661980000,"i":"BTC_USDT"},{"d":"1537639310785324288","p":39111.72,"q":0.000349,"s":"SELL","t":1623661980000,"i":"BTC_USDT"},{"d":"1537639310743389504","p":39111.72,"q":0.000349,"s":"SELL","t":1623661980000,"i":"BTC_USDT"},{"d":"1537639309507793024","p":39111.72,"q":0.000435,"s":"SELL","t":1623661980000,"i":"BTC_USDT"},{"d":"1537639250640808224","p":39111.72,"q":0.000004,"s":"SELL","t":1623661980000,"i":"BTC_USDT"},{"d":"1537639183526467008","p":39109.61,"q":0.000004,"s":"SELL","t":1623661980000,"i":"BTC_USDT"},{"d":"1537639099609290432","p":39109.60,"q":0.000937,"s":"SELL","t":1623661980000,"i":"BTC_USDT"},{"d":"1537639099190342304","p":39109.60,"q":0.000388,"s":"SELL","t":1623661980000,"i":"BTC_USDT"},{"d":"1537639098347349152","p":39109.60,"q":0.000389,"s":"SELL","t":1623661980000,"i":"BTC_USDT"},{"d":"1537639097855478080","p":39109.60,"q":0.000768,"s":"SELL","t":1623661980000,"i":"BTC_USDT"},{"d":"1537639097760371040","p":39109.60,"q":0.000920,"s":"SELL","t":1623661980000,"i":"BTC_USDT"},{"d":"1537639096586673984","p":39109.60,"q":0.000921,"s":"SELL","t":1623661980000,"i":"BTC_USDT"},{"d":"1537639096293129824","p":39109.60,"q":0.000934,"s":"SELL","t":1623661980000,"i":"BTC_USDT"},{"d":"1537639089248762080","p":39109.60,"q":0.000546,"s":"SELL","t":1623661980000,"i":"BTC_USDT"},{"d":"1537639088755533760","p":39109.60,"q":0.000546,"s":"SELL","t":1623661980000,"i":"BTC_USDT"},{"d":"1537639088027448064","p":39109.60,"q":0.001627,"s":"SELL","t":1623661980000,"i":"BTC_USDT"},{"d":"1537639084515296416","p":39109.60,"q":0.000461,"s":"SELL","t":1623661980000,"i":"BTC_USDT"},{"d":"1537639082870173472","p":39109.60,"q":0.000004,"s":"SELL","t":1623661980000,"i":"BTC_USDT"},{"d":"1537639082277939776","p":39109.60,"q":0.000459,"s":"SELL","t":1623661980000,"i":"BTC_USDT"},{"d":"1537639081982619232","p":39109.60,"q":0.000442,"s":"SELL","t":1623661980000,"i":"BTC_USDT"},{"d":"1537639075079903968","p":39109.60,"q":0.000308,"s":"SELL","t":1623661980000,"i":"BTC_USDT"},{"d":"1537639073835592096","p":39109.60,"q":0.000636,"s":"SELL","t":1623661980000,"i":"BTC_USDT"},{"d":"1537639071461394208","p":39109.60,"q":0.000635,"s":"SELL","t":1623661980000,"i":"BTC_USDT"},{"d":"1537639061230308768","p":39109.60,"q":0.000019,"s":"SELL","t":1623661980000,"i":"BTC_USDT"},{"d":"1537639060907686304","p":39109.60,"q":0.000819,"s":"SELL","t":1623661980000,"i":"BTC_USDT"},{"d":"1537639060855831200","p":39109.60,"q":0.000817,"s":"SELL","t":1623661980000,"i":"BTC_USDT"},{"d":"1537639060430488864","p":39109.60,"q":0.000819,"s":"SELL","t":1623661980000,"i":"BTC_USDT"},{"d":"1537639058761804160","p":39109.60,"q":0.000819,"s":"SELL","t":1623661980000,"i":"BTC_USDT"},{"d":"1537639058033366784","p":39109.60,"q":0.000817,"s":"SELL","t":1623661980000,"i":"BTC_USDT"},{"d":"1537639028159113184","p":39109.62,"q":0.000636,"s":"BUY","t":1623661980000,"i":"BTC_USDT"},{"d":"1537639019855338976","p":39111.69,"q":0.066392,"s":"BUY","t":1623661980000,"i":"BTC_USDT"},{"d":"1537639015756431104","p":39109.61,"q":0.000010,"s":"SELL","t":1623661980000,"i":"BTC_USDT"},{"d":"1537639015029061088","p":39109.61,"q":0.000993,"s":"SELL","t":1623661980000,"i":"BTC_USDT"},{"d":"1537639014909158144","p":39109.61,"q":0.000993,"s":"SELL","t":1623661980000,"i":"BTC_USDT"},{"d":"1537639014856695552","p":39109.61,"q":0.001610,"s":"SELL","t":1623661980000,"i":"BTC_USDT"},{"d":"1537639013117867264","p":39109.60,"q":0.000991,"s":"SELL","t":1623661980000,"i":"BTC_USDT"},{"d":"1537638985612268736","p":39109.60,"q":0.000301,"s":"SELL","t":1623661980000,"i":"BTC_USDT"},{"d":"1537638984906977600","p":39109.60,"q":0.000555,"s":"SELL","t":1623661980000,"i":"BTC_USDT"},{"d":"1537638981930204032","p":39109.60,"q":0.000625,"s":"SELL","t":1623661980000,"i":"BTC_USDT"},{"d":"1537638981477376640","p":39109.60,"q":0.000079,"s":"SELL","t":1623661980000,"i":"BTC_USDT"},{"d":"1537638980986075360","p":39109.60,"q":0.000636,"s":"SELL","t":1623661980000,"i":"BTC_USDT"},{"d":"1537638979493240256","p":39109.60,"q":0.000636,"s":"SELL","t":1623661980000,"i":"BTC_USDT"},{"d":"1537638974573291936","p":39109.60,"q":0.000764,"s":"SELL","t":1623661980000,"i":"BTC_USDT"},{"d":"1537638969032588000","p":39109.60,"q":0.000361,"s":"SELL","t":1623661980000,"i":"BTC_USDT"},{"d":"1537638967772357472","p":39109.60,"q":0.000635,"s":"SELL","t":1623661980000,"i":"BTC_USDT"},{"d":"1537638966646641632","p":39109.60,"q":0.000909,"s":"SELL","t":1623661980000,"i":"BTC_USDT"},{"d":"1537638966137468960","p":39109.60,"q":0.000768,"s":"SELL","t":1623661980000,"i":"BTC_USDT"},{"d":"1537638964624457888","p":39109.60,"q":0.000906,"s":"SELL","t":1623661980000,"i":"BTC_USDT"},{"d":"1537638964219038496","p":39109.60,"q":0.000360,"s":"SELL","t":1623661980000,"i":"BTC_USDT"},{"d":"1537638954389715296","p":39109.60,"q":0.000776,"s":"SELL","t":1623661980000,"i":"BTC_USDT"},{"d":"1537638953829872224","p":39109.60,"q":0.000547,"s":"SELL","t":1623661980000,"i":"BTC_USDT"},{"d":"1537638949849166848","p":39109.60,"q":0.000766,"s":"SELL","t":1623661980000,"i":"BTC_USDT"},{"d":"1537638948837230560","p":39109.60,"q":0.000236,"s":"SELL","t":1623661980000,"i":"BTC_USDT"},{"d":"1537638948727884192","p":39109.60,"q":0.000007,"s":"SELL","t":1623661980000,"i":"BTC_USDT"},{"d":"1537638947267332864","p":39109.60,"q":0.000235,"s":"SELL","t":1623661980000,"i":"BTC_USDT"},{"d":"1537638946877187616","p":39109.60,"q":0.000235,"s":"SELL","t":1623661980000,"i":"BTC_USDT"},{"d":"1537638915277619392","p":39109.60,"q":0.000378,"s":"SELL","t":1623661980000,"i":"BTC_USDT"},{"d":"1537638913120343488","p":39109.60,"q":0.000378,"s":"SELL","t":1623661980000,"i":"BTC_USDT"},{"d":"1537638912693609472","p":39109.60,"q":0.000377,"s":"SELL","t":1623661980000,"i":"BTC_USDT"},{"d":"1537638911072530592","p":39109.60,"q":0.000357,"s":"SELL","t":1623661980000,"i":"BTC_USDT"},{"d":"1537638904286466400","p":39109.60,"q":0.000251,"s":"SELL","t":1623661980000,"i":"BTC_USDT"},{"d":"1537638902943695168","p":39109.60,"q":0.000251,"s":"SELL","t":1623661980000,"i":"BTC_USDT"},{"d":"1537638902320488544","p":39109.60,"q":0.000250,"s":"SELL","t":1623661980000,"i":"BTC_USDT"},{"d":"1537638901385779072","p":39109.60,"q":0.000251,"s":"SELL","t":1623661980000,"i":"BTC_USDT"},{"d":"1537638894962346336","p":39109.60,"q":0.000547,"s":"SELL","t":1623661980000,"i":"BTC_USDT"},{"d":"1537638892861488256","p":39109.60,"q":0.000768,"s":"SELL","t":1623661980000,"i":"BTC_USDT"},{"d":"1537638891928530016","p":39109.60,"q":0.000996,"s":"SELL","t":1623661980000,"i":"BTC_USDT"},{"d":"1537638891518712992","p":39109.60,"q":0.000449,"s":"SELL","t":1623661980000,"i":"BTC_USDT"},{"d":"1537638889814060544","p":39109.60,"q":0.000450,"s":"SELL","t":1623661980000,"i":"BTC_USDT"},{"d":"1537638884680826816","p":39109.60,"q":0.000635,"s":"SELL","t":1623661980000,"i":"BTC_USDT"},{"d":"1537638881785693920","p":39109.60,"q":0.000470,"s":"SELL","t":1623661980000,"i":"BTC_USDT"},{"d":"1537638881526713216","p":39109.60,"q":0.000001,"s":"SELL","t":1623661980000,"i":"BTC_USDT"},{"d":"1537638881167265440","p":39109.60,"q":0.000470,"s":"SELL","t":1623661980000,"i":"BTC_USDT"},{"d":"1537638874306894784","p":39109.60,"q":0.000635,"s":"SELL","t":1623661980000,"i":"BTC_USDT"},{"d":"1537638873611472384","p":39109.60,"q":0.001008,"s":"SELL","t":1623661980000,"i":"BTC_USDT"},{"d":"1537638872578800096","p":39109.60,"q":0.000996,"s":"SELL","t":1623661980000,"i":"BTC_USDT"},{"d":"1537638871121972160","p":39109.60,"q":0.001006,"s":"SELL","t":1623661980000,"i":"BTC_USDT"},{"d":"1537638864231483232","p":39109.60,"q":0.000918,"s":"SELL","t":1623661980000,"i":"BTC_USDT"},{"d":"1537638864231435392","p":39109.61,"q":0.000088,"s":"SELL","t":1623661980000,"i":"BTC_USDT"},{"d":"1537638863804047776","p":39109.61,"q":0.000459,"s":"SELL","t":1623661980000,"i":"BTC_USDT"},{"d":"1537638856804245344","p":39109.63,"q":0.000557,"s":"SELL","t":1623661980000,"i":"BTC_USDT"},{"d":"1537638856591038016","p":39109.63,"q":0.001106,"s":"SELL","t":1623661980000,"i":"BTC_USDT"},{"d":"1537638850394178848","p":39109.61,"q":0.000547,"s":"SELL","t":1623661980000,"i":"BTC_USDT"},{"d":"1537638849984618752","p":39109.61,"q":0.000547,"s":"SELL","t":1623661980000,"i":"BTC_USDT"},{"d":"1537638843640182784","p":39109.60,"q":0.000449,"s":"SELL","t":1623661980000,"i":"BTC_USDT"},{"d":"1537638842993175584","p":39109.60,"q":0.000010,"s":"SELL","t":1623661980000,"i":"BTC_USDT"},{"d":"1537638831816287232","p":39109.60,"q":0.001008,"s":"SELL","t":1623661980000,"i":"BTC_USDT"},{"d":"1537638830788671360","p":39109.60,"q":0.000996,"s":"SELL","t":1623661980000,"i":"BTC_USDT"},{"d":"1537638829652322624","p":39109.60,"q":0.000459,"s":"SELL","t":1623661980000,"i":"BTC_USDT"},{"d":"1537638814476613952","p":39109.60,"q":0.000004,"s":"SELL","t":1623661980000,"i":"BTC_USDT"},{"d":"1537638791934456320","p":39109.61,"q":0.001074,"s":"SELL","t":1623661980000,"i":"BTC_USDT"},{"d":"1537638791223046464","p":39109.61,"q":0.000764,"s":"SELL","t":1623661980000,"i":"BTC_USDT"},{"d":"1537638789671351296","p":39109.61,"q":0.001094,"s":"SELL","t":1623661980000,"i":"BTC_USDT"},{"d":"1537638789459603488","p":39109.61,"q":0.001073,"s":"SELL","t":1623661980000,"i":"BTC_USDT"},{"d":"1537638788044149184","p":39109.61,"q":0.000457,"s":"SELL","t":1623661980000,"i":"BTC_USDT"},{"d":"1537638780799204224","p":39109.63,"q":0.000005,"s":"SELL","t":1623661980000,"i":"BTC_USDT"},{"d":"1537638774809859424","p":39111.69,"q":0.005097,"s":"BUY","t":1623661980000,"i":"BTC_USDT"},{"d":"1537638759900945760","p":39109.60,"q":0.000398,"s":"SELL","t":1623661980000,"i":"BTC_USDT"},{"d":"1537638756923184416","p":39109.60,"q":0.000369,"s":"SELL","t":1623661980000,"i":"BTC_USDT"},{"d":"1537638756500157472","p":39109.60,"q":0.000369,"s":"SELL","t":1623661980000,"i":"BTC_USDT"},{"d":"1537638746179498048","p":39109.60,"q":0.000635,"s":"SELL","t":1623661980000,"i":"BTC_USDT"},{"d":"1537638744909627584","p":39109.60,"q":0.000792,"s":"SELL","t":1623661980000,"i":"BTC_USDT"},{"d":"1537638744891683616","p":39109.60,"q":0.000808,"s":"SELL","t":1623661980000,"i":"BTC_USDT"},{"d":"1537638743718708672","p":39109.60,"q":0.000793,"s":"SELL","t":1623661980000,"i":"BTC_USDT"},{"d":"1537638743104473280","p":39109.60,"q":0.000806,"s":"SELL","t":1623661980000,"i":"BTC_USDT"},{"d":"1537638742585484288","p":39109.60,"q":0.000259,"s":"SELL","t":1623661980000,"i":"BTC_USDT"},{"d":"1537638732338217344","p":39109.60,"q":0.000112,"s":"SELL","t":1623661980000,"i":"BTC_USDT"},{"d":"1537638730864309408","p":39109.60,"q":0.000878,"s":"SELL","t":1623661980000,"i":"BTC_USDT"},{"d":"1537638729222864352","p":39109.60,"q":0.000876,"s":"SELL","t":1623661980000,"i":"BTC_USDT"},{"d":"1537638728776089664","p":39109.60,"q":0.000330,"s":"SELL","t":1623661980000,"i":"BTC_USDT"},{"d":"1537638720094736064","p":39109.60,"q":0.000130,"s":"SELL","t":1623661980000,"i":"BTC_USDT"},{"d":"1537638719721853184","p":39109.60,"q":0.000766,"s":"SELL","t":1623661980000,"i":"BTC_USDT"},{"d":"1537638718857399232","p":39109.60,"q":0.000764,"s":"SELL","t":1623661980000,"i":"BTC_USDT"},{"d":"1537638718349451072","p":39109.60,"q":0.000129,"s":"SELL","t":1623661980000,"i":"BTC_USDT"},{"d":"1537638713786500416","p":39109.60,"q":0.000007,"s":"SELL","t":1623661980000,"i":"BTC_USDT"},{"d":"1537638711131267776","p":39109.60,"q":0.000631,"s":"SELL","t":1623661980000,"i":"BTC_USDT"},{"d":"1537638708625766080","p":39109.59,"q":0.000629,"s":"SELL","t":1623661980000,"i":"BTC_USDT"},{"d":"1537638700114926656","p":39109.59,"q":0.001008,"s":"SELL","t":1623661980000,"i":"BTC_USDT"},{"d":"1537638699927585920","p":39109.59,"q":0.000625,"s":"SELL","t":1623661980000,"i":"BTC_USDT"},{"d":"1537638699739958720","p":39109.59,"q":0.004600,"s":"SELL","t":1623661980000,"i":"BTC_USDT"},{"d":"1537638699484480128","p":39109.59,"q":0.004605,"s":"SELL","t":1623661980000,"i":"BTC_USDT"},{"d":"1537638698130275744","p":39109.59,"q":0.001005,"s":"SELL","t":1623661980000,"i":"BTC_USDT"},{"d":"1537638669907428384","p":39109.59,"q":0.000382,"s":"SELL","t":1623661980000,"i":"BTC_USDT"},{"d":"1537638666906771296","p":39109.59,"q":0.000382,"s":"SELL","t":1623661980000,"i":"BTC_USDT"},{"d":"1537638666482660192","p":39109.59,"q":0.000635,"s":"SELL","t":1623661980000,"i":"BTC_USDT"},{"d":"1537638659982933760","p":39109.59,"q":0.001005,"s":"SELL","t":1623661980000,"i":"BTC_USDT"},{"d":"1537638659558691520","p":39109.59,"q":0.006140,"s":"SELL","t":1623661980000,"i":"BTC_USDT"},{"d":"1537638652889735040","p":39109.59,"q":0.001075,"s":"SELL","t":1623661980000,"i":"BTC_USDT"},{"d":"1537638652612533504","p":39109.59,"q":0.000040,"s":"SELL","t":1623661980000,"i":"BTC_USDT"},{"d":"1537638646610485856","p":39109.59,"q":0.000007,"s":"SELL","t":1623661980000,"i":"BTC_USDT"},{"d":"1537638646001305664","p":39109.59,"q":0.000418,"s":"SELL","t":1623661980000,"i":"BTC_USDT"},{"d":"1537638645693585120","p":39109.59,"q":0.000418,"s":"SELL","t":1623661980000,"i":"BTC_USDT"},{"d":"1537638642398280640","p":39109.59,"q":0.001201,"s":"SELL","t":1623661980000,"i":"BTC_USDT"},{"d":"1537638640036573568","p":39109.59,"q":0.001201,"s":"SELL","t":1623661980000,"i":"BTC_USDT"},{"d":"1537638639038424800","p":39109.59,"q":0.001205,"s":"SELL","t":1623661980000,"i":"BTC_USDT"},{"d":"1537638638757402464","p":39109.59,"q":0.000023,"s":"SELL","t":1623661980000,"i":"BTC_USDT"},{"d":"1537638624916853760","p":39109.59,"q":0.000357,"s":"SELL","t":1623661980000,"i":"BTC_USDT"},{"d":"1537638621444736576","p":39109.59,"q":0.000460,"s":"SELL","t":1623661980000,"i":"BTC_USDT"},{"d":"1537638618016225536","p":39109.59,"q":0.000087,"s":"SELL","t":1623661980000,"i":"BTC_USDT"},{"d":"1537638614504678624","p":39109.59,"q":0.000460,"s":"SELL","t":1623661980000,"i":"BTC_USDT"},{"d":"1537638611099660416","p":39109.59,"q":0.000373,"s":"SELL","t":1623661980000,"i":"BTC_USDT"},{"d":"1537638607585285920","p":39109.59,"q":0.000459,"s":"SELL","t":1623661980000,"i":"BTC_USDT"},{"d":"1537638604413115872","p":39109.59,"q":0.000546,"s":"SELL","t":1623661980000,"i":"BTC_USDT"},{"d":"1537638604156539712","p":39109.59,"q":0.000547,"s":"SELL","t":1623661980000,"i":"BTC_USDT"},{"d":"1537638597335066080","p":39109.59,"q":0.000360,"s":"SELL","t":1623661980000,"i":"BTC_USDT"},{"d":"1537638594047669312","p":39109.59,"q":0.000549,"s":"SELL","t":1623661980000,"i":"BTC_USDT"},{"d":"1537638593813444064","p":39109.59,"q":0.000099,"s":"SELL","t":1623661980000,"i":"BTC_USDT"},{"d":"1537638584270053056","p":39106.36,"q":0.000460,"s":"SELL","t":1623661980000,"i":"BTC_USDT"},{"d":"1537638583638399264","p":39106.36,"q":0.000459,"s":"SELL","t":1623661980000,"i":"BTC_USDT"},{"d":"1537638583346727200","p":39106.36,"q":0.000460,"s":"SELL","t":1623661980000,"i":"BTC_USDT"},{"d":"1537638574870098432","p":39106.36,"q":0.000859,"s":"SELL","t":1623661980000,"i":"BTC_USDT"},{"d":"1537638574870059616","p":39107.11,"q":0.000095,"s":"SELL","t":1623661980000,"i":"BTC_USDT"},{"d":"1537638574869983936","p":39108.09,"q":0.000017,"s":"SELL","t":1623661980000,"i":"BTC_USDT"},{"d":"1537638564455909024","p":39117.58,"q":0.015194,"s":"SELL","t":1623661980000,"i":"BTC_USDT"},{"d":"1537638545989758976","p":39107.11,"q":0.000005,"s":"SELL","t":1623661980000,"i":"BTC_USDT"},{"d":"1537638545821772224","p":39108.09,"q":0.000421,"s":"SELL","t":1623661980000,"i":"BTC_USDT"},{"d":"1537638545312940672","p":39115.71,"q":0.000199,"s":"SELL","t":1623661980000,"i":"BTC_USDT"},{"d":"1537638542291931616","p":39115.71,"q":0.000546,"s":"SELL","t":1623661980000,"i":"BTC_USDT"},{"d":"1537638541932097984","p":39115.71,"q":0.000635,"s":"SELL","t":1623661980000,"i":"BTC_USDT"},{"d":"1537638535370222944","p":39115.71,"q":0.000520,"s":"SELL","t":1623661980000,"i":"BTC_USDT"},{"d":"1537638535370158720","p":39116.91,"q":0.000026,"s":"SELL","t":1623661980000,"i":"BTC_USDT"},{"d":"1537638528455691680","p":39120.01,"q":0.000623,"s":"SELL","t":1623661980000,"i":"BTC_USDT"},{"d":"1537638527983183360","p":39120.01,"q":0.000087,"s":"SELL","t":1623661980000,"i":"BTC_USDT"},{"d":"1537638524163224352","p":39120.01,"q":0.000471,"s":"SELL","t":1623661980000,"i":"BTC_USDT"},{"d":"1537638523772036672","p":39120.01,"q":0.000459,"s":"SELL","t":1623661980000,"i":"BTC_USDT"},{"d":"1537638521960074240","p":39120.01,"q":0.000460,"s":"SELL","t":1623661980000,"i":"BTC_USDT"},{"d":"1537638521076385152","p":39120.01,"q":0.000470,"s":"SELL","t":1623661980000,"i":"BTC_USDT"},{"d":"1537638512394462720","p":39125.22,"q":0.000004,"s":"SELL","t":1623661980000,"i":"BTC_USDT"},{"d":"1537638486431450240","p":39125.22,"q":0.002250,"s":"SELL","t":1623661980000,"i":"BTC_USDT"},{"d":"1537638483124632704","p":39125.22,"q":0.000461,"s":"SELL","t":1623661980000,"i":"BTC_USDT"},{"d":"1537638481737021088","p":39125.22,"q":0.000461,"s":"SELL","t":1623661980000,"i":"BTC_USDT"},{"d":"1537638481607632416","p":39125.22,"q":0.000459,"s":"SELL","t":1623661980000,"i":"BTC_USDT"},{"d":"1537638480726351808","p":39125.22,"q":0.000461,"s":"SELL","t":1623661980000,"i":"BTC_USDT"},{"d":"1537638480603098944","p":39125.22,"q":0.000460,"s":"SELL","t":1623661980000,"i":"BTC_USDT"},{"d":"1537638479432316288","p":39125.22,"q":0.000459,"s":"SELL","t":1623661980000,"i":"BTC_USDT"},{"d":"1537638471597854400","p":39125.22,"q":0.000461,"s":"SELL","t":1623661980000,"i":"BTC_USDT"},{"d":"1537638469579314016","p":39125.22,"q":0.000461,"s":"SELL","t":1623661980000,"i":"BTC_USDT"},{"d":"1537638467194291808","p":39125.22,"q":0.000461,"s":"SELL","t":1623661980000,"i":"BTC_USDT"},{"d":"1537638458762073792","p":39125.22,"q":0.000460,"s":"SELL","t":1623661980000,"i":"BTC_USDT"},{"d":"1537638457862751488","p":39125.22,"q":0.000461,"s":"SELL","t":1623661980000,"i":"BTC_USDT"},{"d":"1537638455799748000","p":39125.22,"q":0.000461,"s":"SELL","t":1623661980000,"i":"BTC_USDT"},{"d":"1537638455321818688","p":39125.22,"q":0.000267,"s":"SELL","t":1623661980000,"i":"BTC_USDT"},{"d":"1537638455100054976","p":39125.22,"q":0.000459,"s":"SELL","t":1623661980000,"i":"BTC_USDT"},{"d":"1537638448401348160","p":39125.22,"q":0.000497,"s":"SELL","t":1623661980000,"i":"BTC_USDT"},{"d":"1537638447188129472","p":39125.22,"q":0.000497,"s":"SELL","t":1623661980000,"i":"BTC_USDT"},{"d":"1537638443073961536","p":39125.22,"q":0.000301,"s":"SELL","t":1623661980000,"i":"BTC_USDT"},{"d":"1537638442489006528","p":39125.22,"q":0.000281,"s":"SELL","t":1623661980000,"i":"BTC_USDT"},{"d":"1537638441480012800","p":39125.22,"q":0.000300,"s":"SELL","t":1623661980000,"i":"BTC_USDT"},{"d":"1537638440609428448","p":39125.22,"q":0.000281,"s":"SELL","t":1623661980000,"i":"BTC_USDT"},{"d":"1537638440456559840","p":39125.22,"q":0.000301,"s":"SELL","t":1623661980000,"i":"BTC_USDT"},{"d":"1537638439797251136","p":39125.22,"q":0.000301,"s":"SELL","t":1623661980000,"i":"BTC_USDT"},{"d":"1537638411738098400","p":39125.22,"q":0.000006,"s":"SELL","t":1623661980000,"i":"BTC_USDT"},{"d":"1537638405439656192","p":39125.22,"q":0.000357,"s":"SELL","t":1623661980000,"i":"BTC_USDT"},{"d":"1537638405060554976","p":39125.22,"q":0.000365,"s":"SELL","t":1623661980000,"i":"BTC_USDT"},{"d":"1537638404598547680","p":39125.22,"q":0.000358,"s":"SELL","t":1623661980000,"i":"BTC_USDT"},{"d":"1537638403420555200","p":39125.22,"q":0.000364,"s":"SELL","t":1623661980000,"i":"BTC_USDT"},{"d":"1537638378181059136","p":39125.22,"q":0.000005,"s":"SELL","t":1623661980000,"i":"BTC_USDT"},{"d":"1537638368867284928","p":39125.23,"q":0.000010,"s":"SELL","t":1623661980000,"i":"BTC_USDT"},{"d":"1537638359556461568","p":39132.51,"q":0.000434,"s":"SELL","t":1623661980000,"i":"BTC_USDT"},{"d":"1537638327499761408","p":39131.69,"q":0.000460,"s":"SELL","t":1623661980000,"i":"BTC_USDT"},{"d":"1537638323924247712","p":39125.22,"q":0.000393,"s":"SELL","t":1623661980000,"i":"BTC_USDT"},{"d":"1537638311074587872","p":39121.09,"q":0.000009,"s":"SELL","t":1623661980000,"i":"BTC_USDT"},{"d":"1537638270159774560","p":39134.22,"q":0.000001,"s":"SELL","t":1623661980000,"i":"BTC_USDT"},{"d":"1537638270159695104","p":39136.48,"q":0.000034,"s":"SELL","t":1623661980000,"i":"BTC_USDT"},{"d":"1537638251257813824","p":39136.48,"q":0.000460,"s":"SELL","t":1623661980000,"i":"BTC_USDT"},{"d":"1537638246401180608","p":39141.18,"q":0.000026,"s":"SELL","t":1623661980000,"i":"BTC_USDT"},{"d":"1537638228659928768","p":39149.03,"q":0.008792,"s":"SELL","t":1623661980000,"i":"BTC_USDT"},{"d":"1537638225231095584","p":39149.66,"q":0.009449,"s":"SELL","t":1623661980000,"i":"BTC_USDT"},{"d":"1537638225231016640","p":39150.64,"q":0.090450,"s":"SELL","t":1623661980000,"i":"BTC_USDT"},{"d":"1537638221640109120","p":39153.44,"q":0.000100,"s":"SELL","t":1623661980000,"i":"BTC_USDT"},{"d":"1537638218241759872","p":39157.95,"q":0.048187,"s":"SELL","t":1623661980000,"i":"BTC_USDT"},{"d":"1537638210430764064","p":39157.95,"q":0.000006,"s":"SELL","t":1623661980000,"i":"BTC_USDT"},{"d":"1537638143377079136","p":39155.56,"q":0.000004,"s":"SELL","t":1623661980000,"i":"BTC_USDT"},{"d":"1537638123535394848","p":39155.56,"q":0.059667,"s":"BUY","t":1623661980000,"i":"BTC_USDT"},{"d":"1537638119418187616","p":39153.56,"q":0.000017,"s":"SELL","t":1623661980000,"i":"BTC_USDT"},{"d":"1537638076152165568","p":39150.09,"q":0.000003,"s":"SELL","t":1623661980000,"i":"BTC_USDT"},{"d":"1537638042659874656","p":39146.16,"q":0.000006,"s":"SELL","t":1623661980000,"i":"BTC_USDT"},{"d":"1537637996709552352","p":39152.83,"q":0.001732,"s":"BUY","t":1623661980000,"i":"BTC_USDT"},{"d":"1537637968992177248","p":39145.00,"q":0.000461,"s":"BUY","t":1623661980000,"i":"BTC_USDT"},{"d":"1537637960344012416","p":39145.00,"q":0.000398,"s":"SELL","t":1623661980000,"i":"BTC_USDT"},{"d":"1537637953982925920","p":39145.00,"q":0.000461,"s":"SELL","t":1623661980000,"i":"BTC_USDT"},{"d":"1537637953432535968","p":39145.00,"q":0.000460,"s":"SELL","t":1623661980000,"i":"BTC_USDT"},{"d":"1537637949967143648","p":39145.00,"q":0.000413,"s":"SELL","t":1623661980000,"i":"BTC_USDT"},{"d":"1537637941980092832","p":39142.32,"q":0.000006,"s":"SELL","t":1623661980000,"i":"BTC_USDT"},{"d":"1537637927440961216","p":39144.16,"q":0.000013,"s":"BUY","t":1623661980000,"i":"BTC_USDT"},{"d":"1537637913617433472","p":39136.63,"q":0.020948,"s":"BUY","t":1623661980000,"i":"BTC_USDT"}],"t":1623661980000,"o":39136.63,"c":39115.27,"h":39157.95,"l":39106.36,"v":0.546826}},{"first":{"ticks":null,"t":1623662040000,"o":39115.27,"c":39089.78,"h":39119.6,"l":39077.07,"v":0.12239},"second":{"ticks":[{"d":"1537641901437129920","p":39089.78,"q":0.000009,"s":"SELL","t":1623662040000,"i":"BTC_USDT"},{"d":"1537641834403042240","p":39091.02,"q":0.000005,"s":"SELL","t":1623662040000,"i":"BTC_USDT"},{"d":"1537641791468790432","p":39092.57,"q":0.005097,"s":"BUY","t":1623662040000,"i":"BTC_USDT"},{"d":"1537641767291280704","p":39090.96,"q":0.000007,"s":"SELL","t":1623662040000,"i":"BTC_USDT"},{"d":"1537641733682297120","p":39089.78,"q":0.000003,"s":"SELL","t":1623662040000,"i":"BTC_USDT"},{"d":"1537641703102762080","p":39089.78,"q":0.000047,"s":"SELL","t":1623662040000,"i":"BTC_USDT"},{"d":"1537641693714884672","p":39089.78,"q":0.000437,"s":"SELL","t":1623662040000,"i":"BTC_USDT"},{"d":"1537641692895840896","p":39089.78,"q":0.000437,"s":"SELL","t":1623662040000,"i":"BTC_USDT"},{"d":"1537641692778492640","p":39089.78,"q":0.000436,"s":"SELL","t":1623662040000,"i":"BTC_USDT"},{"d":"1537641682488814656","p":39089.78,"q":0.000127,"s":"SELL","t":1623662040000,"i":"BTC_USDT"},{"d":"1537641679788584128","p":39089.78,"q":0.000167,"s":"SELL","t":1623662040000,"i":"BTC_USDT"},{"d":"1537641679082017504","p":39089.78,"q":0.000167,"s":"SELL","t":1623662040000,"i":"BTC_USDT"},{"d":"1537641678895372032","p":39089.78,"q":0.000166,"s":"SELL","t":1623662040000,"i":"BTC_USDT"},{"d":"1537641645242488576","p":39089.78,"q":0.000461,"s":"SELL","t":1623662040000,"i":"BTC_USDT"},{"d":"1537641637491014112","p":39089.78,"q":0.000219,"s":"SELL","t":1623662040000,"i":"BTC_USDT"},{"d":"1537641635296437888","p":39089.78,"q":0.000120,"s":"SELL","t":1623662040000,"i":"BTC_USDT"},{"d":"1537641634354405536","p":39089.78,"q":0.000120,"s":"SELL","t":1623662040000,"i":"BTC_USDT"},{"d":"1537641633924730944","p":39089.78,"q":0.000120,"s":"SELL","t":1623662040000,"i":"BTC_USDT"},{"d":"1537641632994721408","p":39089.78,"q":0.000006,"s":"SELL","t":1623662040000,"i":"BTC_USDT"},{"d":"1537641599447517664","p":39089.78,"q":0.000007,"s":"SELL","t":1623662040000,"i":"BTC_USDT"},{"d":"1537641582913737600","p":39092.81,"q":0.005097,"s":"BUY","t":1623662040000,"i":"BTC_USDT"},{"d":"1537641498765229344","p":39090.64,"q":0.000006,"s":"SELL","t":1623662040000,"i":"BTC_USDT"},{"d":"1537641431703468992","p":39091.13,"q":0.000008,"s":"SELL","t":1623662040000,"i":"BTC_USDT"},{"d":"1537641407330238336","p":39091.13,"q":0.000265,"s":"SELL","t":1623662040000,"i":"BTC_USDT"},{"d":"1537641407108398944","p":39091.13,"q":0.000265,"s":"SELL","t":1623662040000,"i":"BTC_USDT"},{"d":"1537641405755975296","p":39091.13,"q":0.000265,"s":"SELL","t":1623662040000,"i":"BTC_USDT"},{"d":"1537641405441299168","p":39091.13,"q":0.000265,"s":"SELL","t":1623662040000,"i":"BTC_USDT"},{"d":"1537641364566669984","p":39092.83,"q":0.000008,"s":"SELL","t":1623662040000,"i":"BTC_USDT"},{"d":"1537641347519723808","p":39088.43,"q":0.000007,"s":"BUY","t":1623662040000,"i":"BTC_USDT"},{"d":"1537641297485227712","p":39088.16,"q":0.000008,"s":"BUY","t":1623662040000,"i":"BTC_USDT"},{"d":"1537641230389743136","p":39088.34,"q":0.000006,"s":"BUY","t":1623662040000,"i":"BTC_USDT"},{"d":"1537641196796590752","p":39088.44,"q":0.000004,"s":"BUY","t":1623662040000,"i":"BTC_USDT"},{"d":"1537641190794962976","p":39079.82,"q":0.000329,"s":"SELL","t":1623662040000,"i":"BTC_USDT"},{"d":"1537641190614728736","p":39079.82,"q":0.000307,"s":"SELL","t":1623662040000,"i":"BTC_USDT"},{"d":"1537641188158360928","p":39079.82,"q":0.000329,"s":"SELL","t":1623662040000,"i":"BTC_USDT"},{"d":"1537641187363925920","p":39079.82,"q":0.000329,"s":"SELL","t":1623662040000,"i":"BTC_USDT"},{"d":"1537641169607691168","p":39086.78,"q":0.019467,"s":"SELL","t":1623662040000,"i":"BTC_USDT"},{"d":"1537641153194285792","p":39079.82,"q":0.000063,"s":"SELL","t":1623662040000,"i":"BTC_USDT"},{"d":"1537641152734512736","p":39079.82,"q":0.000062,"s":"SELL","t":1623662040000,"i":"BTC_USDT"},{"d":"1537641142535008864","p":39079.82,"q":0.000380,"s":"SELL","t":1623662040000,"i":"BTC_USDT"},{"d":"1537641139576674112","p":39079.82,"q":0.000461,"s":"SELL","t":1623662040000,"i":"BTC_USDT"},{"d":"1537641138984893504","p":39079.82,"q":0.000460,"s":"SELL","t":1623662040000,"i":"BTC_USDT"},{"d":"1537641129061413792","p":39079.82,"q":0.000461,"s":"SELL","t":1623662040000,"i":"BTC_USDT"},{"d":"1537641116373074592","p":39079.82,"q":0.000461,"s":"SELL","t":1623662040000,"i":"BTC_USDT"},{"d":"1537641115934153792","p":39079.82,"q":0.000461,"s":"SELL","t":1623662040000,"i":"BTC_USDT"},{"d":"1537641114662676576","p":39079.82,"q":0.000460,"s":"SELL","t":1623662040000,"i":"BTC_USDT"},{"d":"1537641112049461152","p":39079.82,"q":0.000461,"s":"SELL","t":1623662040000,"i":"BTC_USDT"},{"d":"1537641111298742720","p":39079.82,"q":0.000435,"s":"SELL","t":1623662040000,"i":"BTC_USDT"},{"d":"1537641111211059808","p":39079.82,"q":0.000390,"s":"SELL","t":1623662040000,"i":"BTC_USDT"},{"d":"1537641104415356672","p":39079.82,"q":0.000365,"s":"SELL","t":1623662040000,"i":"BTC_USDT"},{"d":"1537641102148071232","p":39079.82,"q":0.000210,"s":"SELL","t":1623662040000,"i":"BTC_USDT"},{"d":"1537641098354392992","p":39088.53,"q":0.000004,"s":"SELL","t":1623662040000,"i":"BTC_USDT"},{"d":"1537641093880299008","p":39079.82,"q":0.000390,"s":"SELL","t":1623662040000,"i":"BTC_USDT"},{"d":"1537641093049357632","p":39079.82,"q":0.000391,"s":"SELL","t":1623662040000,"i":"BTC_USDT"},{"d":"1537641091674673472","p":39079.82,"q":0.000391,"s":"SELL","t":1623662040000,"i":"BTC_USDT"},{"d":"1537641091654705696","p":39079.82,"q":0.000391,"s":"SELL","t":1623662040000,"i":"BTC_USDT"},{"d":"1537641081215056448","p":39079.82,"q":0.000147,"s":"SELL","t":1623662040000,"i":"BTC_USDT"},{"d":"1537641080959694304","p":39079.82,"q":0.000147,"s":"SELL","t":1623662040000,"i":"BTC_USDT"},{"d":"1537641080366392800","p":39079.82,"q":0.000236,"s":"SELL","t":1623662040000,"i":"BTC_USDT"},{"d":"1537641080119717376","p":39079.82,"q":0.000236,"s":"SELL","t":1623662040000,"i":"BTC_USDT"},{"d":"1537641071402213664","p":39080.42,"q":0.000067,"s":"SELL","t":1623662040000,"i":"BTC_USDT"},{"d":"1537641070824476960","p":39080.42,"q":0.000185,"s":"SELL","t":1623662040000,"i":"BTC_USDT"},{"d":"1537641070146188928","p":39080.42,"q":0.000067,"s":"SELL","t":1623662040000,"i":"BTC_USDT"},{"d":"1537641069674654752","p":39080.42,"q":0.000067,"s":"SELL","t":1623662040000,"i":"BTC_USDT"},{"d":"1537641029002176896","p":39086.54,"q":0.000004,"s":"BUY","t":1623662040000,"i":"BTC_USDT"},{"d":"1537640961924925344","p":39088.80,"q":0.000005,"s":"SELL","t":1623662040000,"i":"BTC_USDT"},{"d":"1537640959149322656","p":39079.82,"q":0.009395,"s":"SELL","t":1623662040000,"i":"BTC_USDT"},{"d":"1537640959149237664","p":39081.57,"q":0.005097,"s":"SELL","t":1623662040000,"i":"BTC_USDT"},{"d":"1537640928486282816","p":39081.57,"q":0.000005,"s":"BUY","t":1623662040000,"i":"BTC_USDT"},{"d":"1537640875809772320","p":39088.84,"q":0.000011,"s":"BUY","t":1623662040000,"i":"BTC_USDT"},{"d":"1537640862073781536","p":39077.07,"q":0.000460,"s":"SELL","t":1623662040000,"i":"BTC_USDT"},{"d":"1537640827675297088","p":39088.24,"q":0.000003,"s":"BUY","t":1623662040000,"i":"BTC_USDT"},{"d":"1537640784161473856","p":39082.02,"q":0.000281,"s":"SELL","t":1623662040000,"i":"BTC_USDT"},{"d":"1537640783585718688","p":39082.02,"q":0.000288,"s":"SELL","t":1623662040000,"i":"BTC_USDT"},{"d":"1537640783466503136","p":39082.02,"q":0.000288,"s":"SELL","t":1623662040000,"i":"BTC_USDT"},{"d":"1537640782829752128","p":39082.02,"q":0.000288,"s":"SELL","t":1623662040000,"i":"BTC_USDT"},{"d":"1537640782385217184","p":39082.02,"q":0.000287,"s":"SELL","t":1623662040000,"i":"BTC_USDT"},{"d":"1537640781995022336","p":39082.02,"q":0.000281,"s":"SELL","t":1623662040000,"i":"BTC_USDT"},{"d":"1537640781807152256","p":39082.02,"q":0.000287,"s":"SELL","t":1623662040000,"i":"BTC_USDT"},{"d":"1537640778526043200","p":39089.00,"q":0.000007,"s":"SELL","t":1623662040000,"i":"BTC_USDT"},{"d":"1537640717581593568","p":39082.15,"q":0.037932,"s":"BUY","t":1623662040000,"i":"BTC_USDT"},{"d":"1537640695415664192","p":39089.10,"q":0.000003,"s":"SELL","t":1623662040000,"i":"BTC_USDT"},{"d":"1537640626332903072","p":39089.28,"q":0.000005,"s":"BUY","t":1623662040000,"i":"BTC_USDT"},{"d":"1537640560518365600","p":39089.43,"q":0.000006,"s":"SELL","t":1623662040000,"i":"BTC_USDT"},{"d":"1537640525718446272","p":39089.60,"q":0.000002,"s":"SELL","t":1623662040000,"i":"BTC_USDT"},{"d":"1537640485894232384","p":39090.88,"q":0.005097,"s":"BUY","t":1623662040000,"i":"BTC_USDT"},{"d":"1537640461893355840","p":39088.71,"q":0.000456,"s":"SELL","t":1623662040000,"i":"BTC_USDT"},{"d":"1537640461893270880","p":39089.79,"q":0.000005,"s":"SELL","t":1623662040000,"i":"BTC_USDT"},{"d":"1537640441275532416","p":39089.79,"q":0.000004,"s":"BUY","t":1623662040000,"i":"BTC_USDT"},{"d":"1537640391473492640","p":39089.68,"q":0.000007,"s":"BUY","t":1623662040000,"i":"BTC_USDT"},{"d":"1537640373923633952","p":39089.66,"q":0.000009,"s":"BUY","t":1623662040000,"i":"BTC_USDT"},{"d":"1537640356288029760","p":39089.53,"q":0.000002,"s":"SELL","t":1623662040000,"i":"BTC_USDT"},{"d":"1537640324319626944","p":39094.38,"q":0.000005,"s":"SELL","t":1623662040000,"i":"BTC_USDT"},{"d":"1537640257223820128","p":39099.30,"q":0.000006,"s":"SELL","t":1623662040000,"i":"BTC_USDT"},{"d":"1537640243306742496","p":39100.70,"q":0.005097,"s":"BUY","t":1623662040000,"i":"BTC_USDT"},{"d":"1537640238930329344","p":39100.70,"q":0.000014,"s":"BUY","t":1623662040000,"i":"BTC_USDT"},{"d":"1537640233262564416","p":39099.30,"q":0.000461,"s":"SELL","t":1623662040000,"i":"BTC_USDT"},{"d":"1537640225074346176","p":39099.30,"q":0.000460,"s":"SELL","t":1623662040000,"i":"BTC_USDT"},{"d":"1537640224501573344","p":39099.30,"q":0.000461,"s":"SELL","t":1623662040000,"i":"BTC_USDT"},{"d":"1537640222787999488","p":39099.30,"q":0.000461,"s":"SELL","t":1623662040000,"i":"BTC_USDT"},{"d":"1537640222568274400","p":39099.30,"q":0.000461,"s":"SELL","t":1623662040000,"i":"BTC_USDT"},{"d":"1537640214420451744","p":39099.30,"q":0.000270,"s":"SELL","t":1623662040000,"i":"BTC_USDT"},{"d":"1537640212424616288","p":39099.30,"q":0.000095,"s":"SELL","t":1623662040000,"i":"BTC_USDT"},{"d":"1537640212422266304","p":39099.30,"q":0.000461,"s":"SELL","t":1623662040000,"i":"BTC_USDT"},{"d":"1537640211712679776","p":39099.30,"q":0.000095,"s":"SELL","t":1623662040000,"i":"BTC_USDT"},{"d":"1537640190136958656","p":39096.04,"q":0.000005,"s":"SELL","t":1623662040000,"i":"BTC_USDT"},{"d":"1537640089542748416","p":39101.61,"q":0.000004,"s":"SELL","t":1623662040000,"i":"BTC_USDT"},{"d":"1537640055908363904","p":39097.53,"q":0.000007,"s":"SELL","t":1623662040000,"i":"BTC_USDT"},{"d":"1537640027430113408","p":39109.59,"q":0.000040,"s":"SELL","t":1623662040000,"i":"BTC_USDT"},{"d":"1537640027430085504","p":39109.60,"q":0.000546,"s":"SELL","t":1623662040000,"i":"BTC_USDT"},{"d":"1537640027430058304","p":39109.60,"q":0.000458,"s":"SELL","t":1623662040000,"i":"BTC_USDT"},{"d":"1537640027430021824","p":39109.60,"q":0.000301,"s":"SELL","t":1623662040000,"i":"BTC_USDT"},{"d":"1537640027429978048","p":39109.60,"q":0.000459,"s":"SELL","t":1623662040000,"i":"BTC_USDT"},{"d":"1537640027429888832","p":39119.60,"q":0.004433,"s":"SELL","t":1623662040000,"i":"BTC_USDT"},{"d":"1537640008319702208","p":39118.88,"q":0.000342,"s":"BUY","t":1623662040000,"i":"BTC_USDT"},{"d":"1537640008319643904","p":39118.88,"q":0.000342,"s":"BUY","t":1623662040000,"i":"BTC_USDT"},{"d":"1537640006610439296","p":39115.27,"q":0.000236,"s":"SELL","t":1623662040000,"i":"BTC_USDT"},{"d":"1537639996213048352","p":39118.88,"q":0.000460,"s":"SELL","t":1623662040000,"i":"BTC_USDT"},{"d":"1537639993836468544","p":39118.88,"q":0.000342,"s":"SELL","t":1623662040000,"i":"BTC_USDT"},{"d":"1537639988861597440","p":39115.27,"q":0.000006,"s":"SELL","t":1623662040000,"i":"BTC_USDT"},{"d":"1537639988746141984","p":39115.27,"q":0.000434,"s":"SELL","t":1623662040000,"i":"BTC_USDT"},{"d":"1537639978941984640","p":39115.27,"q":0.000305,"s":"SELL","t":1623662040000,"i":"BTC_USDT"},{"d":"1537639977021818272","p":39115.27,"q":0.000305,"s":"SELL","t":1623662040000,"i":"BTC_USDT"},{"d":"1537639976868007072","p":39115.27,"q":0.000305,"s":"SELL","t":1623662040000,"i":"BTC_USDT"},{"d":"1537639976137323104","p":39115.27,"q":0.000305,"s":"SELL","t":1623662040000,"i":"BTC_USDT"},{"d":"1537639942410494656","p":39115.27,"q":0.000461,"s":"SELL","t":1623662040000,"i":"BTC_USDT"},{"d":"1537639940939799712","p":39115.27,"q":0.000460,"s":"SELL","t":1623662040000,"i":"BTC_USDT"}],"t":1623662040000,"o":39115.27,"c":39089.78,"h":39119.60,"l":39077.07,"v":0.122390}},{"first":{"ticks":null,"t":1623662100000,"o":39089.41,"c":39053.25,"h":39089.41,"l":39044.13,"v":1.45108},"second":{"ticks":[{"d":"1537643914740475904","p":39053.25,"q":0.000005,"s":"BUY","t":1623662100000,"i":"BTC_USDT"},{"d":"1537643850918088736","p":39044.41,"q":0.034794,"s":"BUY","t":1623662100000,"i":"BTC_USDT"},{"d":"1537643847656083328","p":39044.41,"q":0.000004,"s":"BUY","t":1623662100000,"i":"BTC_USDT"},{"d":"1537643814029354496","p":39044.38,"q":0.000005,"s":"BUY","t":1623662100000,"i":"BTC_USDT"},{"d":"1537643713453172448","p":39044.37,"q":0.000006,"s":"BUY","t":1623662100000,"i":"BTC_USDT"},{"d":"1537643679780469248","p":39056.38,"q":0.000003,"s":"BUY","t":1623662100000,"i":"BTC_USDT"},{"d":"1537643656682885600","p":39044.54,"q":0.005097,"s":"BUY","t":1623662100000,"i":"BTC_USDT"},{"d":"1537643612809132512","p":39046.33,"q":0.000002,"s":"BUY","t":1623662100000,"i":"BTC_USDT"},{"d":"1537643512090157312","p":39062.84,"q":0.000004,"s":"BUY","t":1623662100000,"i":"BTC_USDT"},{"d":"1537643478455866144","p":39062.99,"q":0.000009,"s":"BUY","t":1623662100000,"i":"BTC_USDT"},{"d":"1537643377921237152","p":39066.32,"q":0.000004,"s":"BUY","t":1623662100000,"i":"BTC_USDT"},{"d":"1537643344225238112","p":39070.22,"q":0.000002,"s":"BUY","t":1623662100000,"i":"BTC_USDT"},{"d":"1537643313449897792","p":39063.18,"q":0.000461,"s":"BUY","t":1623662100000,"i":"BTC_USDT"},{"d":"1537643313449843072","p":39062.66,"q":0.025428,"s":"BUY","t":1623662100000,"i":"BTC_USDT"},{"d":"1537643308665164672","p":39055.74,"q":0.000001,"s":"BUY","t":1623662100000,"i":"BTC_USDT"},{"d":"1537643308579471904","p":39055.74,"q":0.287443,"s":"BUY","t":1623662100000,"i":"BTC_USDT"},{"d":"1537643292674824320","p":39054.07,"q":0.268793,"s":"BUY","t":1623662100000,"i":"BTC_USDT"},{"d":"1537643292674706464","p":39054.07,"q":0.134396,"s":"BUY","t":1623662100000,"i":"BTC_USDT"},{"d":"1537643289076084640","p":39054.07,"q":0.268792,"s":"BUY","t":1623662100000,"i":"BTC_USDT"},{"d":"1537643289052064160","p":39054.07,"q":0.134396,"s":"BUY","t":1623662100000,"i":"BTC_USDT"},{"d":"1537643282128918752","p":39053.87,"q":0.016908,"s":"BUY","t":1623662100000,"i":"BTC_USDT"},{"d":"1537643243695169696","p":39062.56,"q":0.000006,"s":"BUY","t":1623662100000,"i":"BTC_USDT"},{"d":"1537643230350095264","p":39053.89,"q":0.005097,"s":"BUY","t":1623662100000,"i":"BTC_USDT"},{"d":"1537643176553832384","p":39061.76,"q":0.000003,"s":"BUY","t":1623662100000,"i":"BTC_USDT"},{"d":"1537643142956172640","p":39061.76,"q":0.000001,"s":"BUY","t":1623662100000,"i":"BTC_USDT"},{"d":"1537643075798205888","p":39061.34,"q":0.000007,"s":"BUY","t":1623662100000,"i":"BTC_USDT"},{"d":"1537642975164000480","p":39069.29,"q":0.000001,"s":"BUY","t":1623662100000,"i":"BTC_USDT"},{"d":"1537642908109718592","p":39058.60,"q":0.000006,"s":"BUY","t":1623662100000,"i":"BTC_USDT"},{"d":"1537642874529681664","p":39064.42,"q":0.000006,"s":"BUY","t":1623662100000,"i":"BTC_USDT"},{"d":"1537642773890224928","p":39064.48,"q":0.000008,"s":"BUY","t":1623662100000,"i":"BTC_USDT"},{"d":"1537642740324255200","p":39067.66,"q":0.000008,"s":"BUY","t":1623662100000,"i":"BTC_USDT"},{"d":"1537642673238226080","p":39072.49,"q":0.000003,"s":"BUY","t":1623662100000,"i":"BTC_USDT"},{"d":"1537642615150538208","p":39044.33,"q":0.104454,"s":"BUY","t":1623662100000,"i":"BTC_USDT"},{"d":"1537642615150400672","p":39044.33,"q":0.044192,"s":"BUY","t":1623662100000,"i":"BTC_USDT"},{"d":"1537642615150320512","p":39044.13,"q":0.090140,"s":"BUY","t":1623662100000,"i":"BTC_USDT"},{"d":"1537642606187409760","p":39048.32,"q":0.000005,"s":"BUY","t":1623662100000,"i":"BTC_USDT"},{"d":"1537642538936574432","p":39073.49,"q":0.000003,"s":"BUY","t":1623662100000,"i":"BTC_USDT"},{"d":"1537642438393029312","p":39069.22,"q":0.000004,"s":"BUY","t":1623662100000,"i":"BTC_USDT"},{"d":"1537642404706000800","p":39064.94,"q":0.000003,"s":"BUY","t":1623662100000,"i":"BTC_USDT"},{"d":"1537642304048773024","p":39065.46,"q":0.000004,"s":"BUY","t":1623662100000,"i":"BTC_USDT"},{"d":"1537642237013284608","p":39068.86,"q":0.000004,"s":"BUY","t":1623662100000,"i":"BTC_USDT"},{"d":"1537642169911599456","p":39078.88,"q":0.000006,"s":"BUY","t":1623662100000,"i":"BTC_USDT"},{"d":"1537642136293779648","p":39085.46,"q":0.000001,"s":"BUY","t":1623662100000,"i":"BTC_USDT"},{"d":"1537642111597087968","p":39076.49,"q":0.000026,"s":"SELL","t":1623662100000,"i":"BTC_USDT"},{"d":"1537642090857081376","p":39079.91,"q":0.025428,"s":"SELL","t":1623662100000,"i":"BTC_USDT"},{"d":"1537642069143499040","p":39086.43,"q":0.000004,"s":"BUY","t":1623662100000,"i":"BTC_USDT"},{"d":"1537642012397514432","p":39080.92,"q":0.005097,"s":"BUY","t":1623662100000,"i":"BTC_USDT"},{"d":"1537641971362656768","p":39089.25,"q":0.000004,"s":"SELL","t":1623662100000,"i":"BTC_USDT"},{"d":"1537641953969916832","p":39089.41,"q":0.000006,"s":"SELL","t":1623662100000,"i":"BTC_USDT"}],"t":1623662100000,"o":39089.41,"c":39053.25,"h":39089.41,"l":39044.13,"v":1.451080}},{"first":{"ticks":null,"t":1623662160000,"o":39053.25,"c":39090.62,"h":39090.62,"l":39043.19,"v":0.609362},"second":{"ticks":[{"d":"1537645929548940096","p":39090.62,"q":0.000548,"s":"SELL","t":1623662160000,"i":"BTC_USDT"},{"d":"1537645928004657664","p":39090.62,"q":0.000006,"s":"SELL","t":1623662160000,"i":"BTC_USDT"},{"d":"1537645926589458720","p":39090.61,"q":0.000547,"s":"SELL","t":1623662160000,"i":"BTC_USDT"},{"d":"1537645926092307936","p":39090.61,"q":0.000547,"s":"SELL","t":1623662160000,"i":"BTC_USDT"},{"d":"1537645924365779968","p":39090.61,"q":0.000460,"s":"BUY","t":1623662160000,"i":"BTC_USDT"},{"d":"1537645919624419232","p":39090.62,"q":0.000459,"s":"SELL","t":1623662160000,"i":"BTC_USDT"},{"d":"1537645918572637504","p":39090.62,"q":0.000459,"s":"SELL","t":1623662160000,"i":"BTC_USDT"},{"d":"1537645894442976448","p":39090.60,"q":0.000002,"s":"SELL","t":1623662160000,"i":"BTC_USDT"},{"d":"1537645888020508896","p":39089.36,"q":0.000460,"s":"SELL","t":1623662160000,"i":"BTC_USDT"},{"d":"1537645887817064896","p":39089.36,"q":0.000460,"s":"SELL","t":1623662160000,"i":"BTC_USDT"},{"d":"1537645886547110816","p":39089.36,"q":0.000460,"s":"SELL","t":1623662160000,"i":"BTC_USDT"},{"d":"1537645885049546880","p":39089.36,"q":0.000459,"s":"SELL","t":1623662160000,"i":"BTC_USDT"},{"d":"1537645881548671488","p":39089.36,"q":0.000635,"s":"SELL","t":1623662160000,"i":"BTC_USDT"},{"d":"1537645876836716864","p":39089.36,"q":0.000460,"s":"SELL","t":1623662160000,"i":"BTC_USDT"},{"d":"1537645876209073664","p":39089.36,"q":0.000460,"s":"SELL","t":1623662160000,"i":"BTC_USDT"},{"d":"1537645842543020640","p":39089.36,"q":0.000460,"s":"SELL","t":1623662160000,"i":"BTC_USDT"},{"d":"1537645842510761376","p":39089.36,"q":0.000460,"s":"SELL","t":1623662160000,"i":"BTC_USDT"},{"d":"1537645832296682144","p":39089.37,"q":0.000460,"s":"SELL","t":1623662160000,"i":"BTC_USDT"},{"d":"1537645831262685152","p":39089.37,"q":0.000460,"s":"SELL","t":1623662160000,"i":"BTC_USDT"},{"d":"1537645827324024288","p":39089.36,"q":0.000003,"s":"SELL","t":1623662160000,"i":"BTC_USDT"},{"d":"1537645821330421280","p":39089.36,"q":0.000460,"s":"SELL","t":1623662160000,"i":"BTC_USDT"},{"d":"1537645820802062912","p":39089.36,"q":0.000460,"s":"SELL","t":1623662160000,"i":"BTC_USDT"},{"d":"1537645804057494976","p":39089.36,"q":0.000435,"s":"SELL","t":1623662160000,"i":"BTC_USDT"},{"d":"1537645801721432576","p":39089.36,"q":0.000460,"s":"SELL","t":1623662160000,"i":"BTC_USDT"},{"d":"1537645801179187808","p":39089.36,"q":0.000434,"s":"SELL","t":1623662160000,"i":"BTC_USDT"},{"d":"1537645800998372160","p":39089.36,"q":0.000460,"s":"SELL","t":1623662160000,"i":"BTC_USDT"},{"d":"1537645800216561760","p":39089.36,"q":0.000460,"s":"SELL","t":1623662160000,"i":"BTC_USDT"},{"d":"1537645765584350976","p":39089.98,"q":0.000305,"s":"SELL","t":1623662160000,"i":"BTC_USDT"},{"d":"1537645726617149056","p":39090.48,"q":0.000004,"s":"SELL","t":1623662160000,"i":"BTC_USDT"},{"d":"1537645686543222368","p":39087.72,"q":0.000005,"s":"BUY","t":1623662160000,"i":"BTC_USDT"},{"d":"1537645626017622880","p":39087.60,"q":0.000006,"s":"SELL","t":1623662160000,"i":"BTC_USDT"},{"d":"1537645608772794528","p":39087.70,"q":0.000003,"s":"BUY","t":1623662160000,"i":"BTC_USDT"},{"d":"1537645543692668768","p":39081.20,"q":0.000455,"s":"SELL","t":1623662160000,"i":"BTC_USDT"},{"d":"1537645543692522528","p":39087.70,"q":0.000005,"s":"SELL","t":1623662160000,"i":"BTC_USDT"},{"d":"1537645491726663776","p":39087.81,"q":0.000002,"s":"SELL","t":1623662160000,"i":"BTC_USDT"},{"d":"1537645431785000064","p":39090.49,"q":0.000033,"s":"BUY","t":1623662160000,"i":"BTC_USDT"},{"d":"1537645431784925760","p":39087.95,"q":0.000008,"s":"BUY","t":1623662160000,"i":"BTC_USDT"},{"d":"1537645402565800224","p":39083.76,"q":0.040326,"s":"BUY","t":1623662160000,"i":"BTC_USDT"},{"d":"1537645402414404896","p":39083.77,"q":0.005097,"s":"SELL","t":1623662160000,"i":"BTC_USDT"},{"d":"1537645399313995776","p":39081.72,"q":0.045423,"s":"BUY","t":1623662160000,"i":"BTC_USDT"},{"d":"1537645399140993888","p":39082.67,"q":0.025428,"s":"SELL","t":1623662160000,"i":"BTC_USDT"},{"d":"1537645393648797088","p":39083.77,"q":0.000009,"s":"BUY","t":1623662160000,"i":"BTC_USDT"},{"d":"1537645392290228384","p":39087.95,"q":0.000005,"s":"SELL","t":1623662160000,"i":"BTC_USDT"},{"d":"1537645334706330048","p":39083.54,"q":0.000445,"s":"SELL","t":1623662160000,"i":"BTC_USDT"},{"d":"1537645331169008960","p":39083.53,"q":0.000439,"s":"SELL","t":1623662160000,"i":"BTC_USDT"},{"d":"1537645331168941792","p":39088.10,"q":0.000007,"s":"SELL","t":1623662160000,"i":"BTC_USDT"},{"d":"1537645303638015488","p":39082.63,"q":0.000460,"s":"SELL","t":1623662160000,"i":"BTC_USDT"},{"d":"1537645300039360928","p":39081.95,"q":0.000460,"s":"SELL","t":1623662160000,"i":"BTC_USDT"},{"d":"1537645271000507968","p":39081.20,"q":0.000460,"s":"SELL","t":1623662160000,"i":"BTC_USDT"},{"d":"1537645269015703168","p":39081.20,"q":0.000460,"s":"SELL","t":1623662160000,"i":"BTC_USDT"},{"d":"1537645265561919680","p":39081.20,"q":0.000056,"s":"SELL","t":1623662160000,"i":"BTC_USDT"},{"d":"1537645265561846272","p":39088.20,"q":0.000007,"s":"SELL","t":1623662160000,"i":"BTC_USDT"},{"d":"1537645255595618656","p":39080.09,"q":0.000396,"s":"SELL","t":1623662160000,"i":"BTC_USDT"},{"d":"1537645251754450784","p":39080.09,"q":0.000922,"s":"SELL","t":1623662160000,"i":"BTC_USDT"},{"d":"1537645251600267296","p":39080.09,"q":0.000395,"s":"SELL","t":1623662160000,"i":"BTC_USDT"},{"d":"1537645251394601600","p":39080.09,"q":0.000943,"s":"SELL","t":1623662160000,"i":"BTC_USDT"},{"d":"1537645250613976320","p":39080.09,"q":0.000390,"s":"SELL","t":1623662160000,"i":"BTC_USDT"},{"d":"1537645250613882528","p":39088.35,"q":0.000005,"s":"SELL","t":1623662160000,"i":"BTC_USDT"},{"d":"1537645219817230784","p":39085.24,"q":0.000461,"s":"SELL","t":1623662160000,"i":"BTC_USDT"},{"d":"1537645219735162560","p":39085.24,"q":0.000461,"s":"SELL","t":1623662160000,"i":"BTC_USDT"},{"d":"1537645216983680384","p":39085.24,"q":0.000635,"s":"SELL","t":1623662160000,"i":"BTC_USDT"},{"d":"1537645216783284096","p":39085.24,"q":0.001008,"s":"SELL","t":1623662160000,"i":"BTC_USDT"},{"d":"1537645216095064576","p":39085.24,"q":0.000459,"s":"SELL","t":1623662160000,"i":"BTC_USDT"},{"d":"1537645210754763296","p":39085.25,"q":0.000561,"s":"BUY","t":1623662160000,"i":"BTC_USDT"},{"d":"1537645200390684960","p":39086.16,"q":0.000562,"s":"BUY","t":1623662160000,"i":"BTC_USDT"},{"d":"1537645200390648864","p":39086.16,"q":0.000195,"s":"BUY","t":1623662160000,"i":"BTC_USDT"},{"d":"1537645200390612608","p":39086.15,"q":0.000572,"s":"BUY","t":1623662160000,"i":"BTC_USDT"},{"d":"1537645196839584288","p":39086.16,"q":0.000572,"s":"SELL","t":1623662160000,"i":"BTC_USDT"}